3908 6128
123 300 186 362 829
827 295 945 358 LIBER
966 294 1128 357 PRIMUS.
1770 293 1831 356 830

125 432 221 493 iorma
230 431 282 491 Dei
293 433 373 490 idem
383 432 446 506 ipss
456 433 495 490 sit
505 431 595 489 Filius
605 429 775 502 unigenitus
785 427 835 485 Dei
845 428 950 498 Patris,
1005 428 1278 502 putanthumanam
1291 429 1321 486 in
1332 432 1510 488 donaturam
1521 428 1550 485 in
1561 427 1678 485 deitatis
1692 427 1829 486 substan·

125 523 155 581 in
169 523 266 581 lorma
277 521 326 580 oei
336 521 459 594 equalis
469 520 561 593 Patri,
573 520 603 576 ln
615 519 709 576 lorma
718 517 795 575 servi
808 518 951 576 mediator
1005 517 1075 572 tiam
1088 519 1196 575 mutari
1217 523 1305 592 atque
1318 517 1457 591 converti,
1482 523 1510 576 et
1529 519 1568 575 ita
1583 519 1705 588 dictum,
1721 519 1794 575 lano
1802 527 1829 576 et

124 611 176 671 Dei
186 612 380 669 ethominum
391 608 737 676 bomoChristustsns;
753 606 821 680 qnis
831 623 890 663 non
906 607 951 663 in·
1005 609 1064 679 ipse
1087 606 1177 663 Filias
1194 609 1331 682 subjectas
1353 610 1406 666 erit
1421 610 1450 665 ei
1463 610 1513 682 qai
1533 608 1581 665 iiii
1593 609 1708 680 subjecit
1724 610 1827 677 omnia,

123 701 239 776 telligat
254 700 371 775 quadiu
383 701 477 757 iorma
487 699 538 755 Dei
553 698 642 755 etiam
659 697 721 771 ipso
737 713 768 754 se
782 696 848 770 ipso
858 697 953 768 msq‘or
1006 711 1040 754 aa
1051 696 1076 754 si
1086 695 1333 763 diceretur,'inno
1344 702 1373 756 et
1385 697 1543 771 ipsoliilina
1553 698 1681 755 bominis
1692 702 1746 755 eta
1758 698 1828 754 Ver·

123 796 179 861 est,
196 791 226 848 in
242 792 335 847 lorma
345 793 442 847 autem
460 787 536 846 servi
550 787 638 844 etiam
649 803 681 844 se
695 786 759 860 ipso
774 786 871 843 minor
884 785 952 843 esti
1007 786 1045 843 bo
1057 785 1106 843 liei
1125 791 1262 860 suscepta
1276 787 1405 844 humana
1429 793 1535 845 natura
1551 788 1779 845 commutabitur
1797 787 1827 844 in

125 881 190 940 Non
205 880 306 952 itaque
321 877 468 935 immerito
484 876 637 951 Scriptura
652 881 812 949 utrumque
826 874 908 946 dicit,
924 879 953 932 et
1007 876 1226 948 stannaturam,
1237 876 1288 950 qui
1300 877 1326 933 ei
1338 877 1463 950 subjecit
1479 876 1593 946 omnim
1610 883 1679 934 tuuc
1695 878 1827 937 futurum

130 969 272 1043 aequalem
284 967 363 1024 Patri
380 965 531 1033 Filium,et
541 969 653 1023 Patrem
668 966 809 1037 maiorem
819 964 902 1021 Filio.
918 963 954 1021 li·
1007 968 1124 1039 putant,
1140 981 1202 1022 sam
1211 966 1477 1040 postdiemjudioii
1488 967 1639 1025 tradiderit
1650 983 1768 1038 reqnana
1781 969 1831 1026 liei

125 1057 178 1116 iud
192 1058 273 1115 enim
289 1060 408 1130 pmpter
431 1056 555 1113 formam
572 1055 636 1124 Dei,
653 1054 707 1111 boc
722 1058 819 1111 autem
835 1057 954 1128 propter
1006 1061 1034 1113 et
1044 1056 1134 1112 Patri.
1149 1058 1189 1113 Ao
1204 1071 1256 1128 per
1268 1055 1323 1114 boe
1333 1055 1421 1113 etiam
1432 1057 1594 1114 secundnm
1613 1057 1700 1114 istam
1716 1057 1829 1133 opinio·

127 1143 953 1218 tormsmservi,sinenllacoulusioneintelligitusdtbnn
1008 1159 1076 1201 nem
1090 1143 1187 1203 adbuc
1200 1144 1286 1203 Pater
1305 1146 1400 1219 major
1413 1150 1468 1213 est,
1488 1148 1696 1221 quamquade
1716 1147 1829 1220 virgine

123 1232 954 1311 nobisregulaperomuassaerasSaripturasdissolvendas
1008 1233 1085 1291 servi
1099 1234 1194 1292 forma
1206 1239 1325 1307 accepta
1335 1240 1390 1292 est.
1403 1235 1484 1301 Quod
1502 1235 1526 1292 si
1544 1235 1633 1308 aliqui
1645 1240 1674 1292 st
1687 1235 1829 1293 hocatlir·

124 1327 217 1399 bnjns
231 1324 404 1398 questionis,
420 1340 456 1382 ex
484 1339 542 1380 uno
567 1321 695 1394 onpitulo
713 1321 848 1394 Epistols
872 1321 954 1379 Pauli
1008 1327 1102 1392 mant,
1118 1323 1266 1397 quodiam
1280 1324 1409 1381 fueritin
1421 1324 1473 1381 liei
1483 1324 1681 1381 substantiam
1695 1328 1830 1382 mutatus

124 1413 250 1490 apostoli
268 1413 423 1487 promitur,
444 1412 495 1469 ubi
519 1411 705 1470 manifestius
724 1411 782 1468 isla
803 1411 955 1470 diminutio
1008 1411 1096 1470 homo
1111 1413 1360 1483 Christnslesus3
1375 1412 1448 1470 illud
1467 1418 1544 1471 certe
1562 1429 1669 1487 nogara
1687 1430 1745 1470 non
1765 1430 1832 1487 pos-

124 1501 412 1563 oommeudatur.ilit
424 1502 501 1558 enim
514 1517 521 1558 ε
532 1502 590 1572 Qai
603 1515 664 1557 nam
679 1501 710 1556 in
719 1500 953 1571 iormolieiessei,
1009 1506 1089 1572 sunt,
1100 1504 1177 1575 quod
1189 1502 1286 1560 adhuc
1300 1508 1407 1560 natura
1416 1502 1546 1559 hominis
1556 1502 1702 1569 manebat,
1713 1504 1833 1576 quando

123 1609 179 1651 non
198 1593 334 1665 rapinam
346 1590 501 1647 arbitratur
516 1593 556 1647 est
573 1604 630 1646 esse
643 1589 762 1662 aeqaatis
776 1591 845 1653 lieo:
858 1590 956 1648 sedse-
1009 1596 1077 1648 anta
1091 1592 1258 1665 passionem
1279 1592 1406 1660 dicebat,
1428 1593 1563 1662 Quoniam
1583 1596 1667 1649 Pater
1687 1593 1776 1666 major
1790 1607 1835 1650 me

124 1683 271 1754 metipsum
281 1681 449 1748 exinanivit,
460 1680 571 1751 sarman
582 1695 653 1735 serve
668 1678 815 1751 occipiens,
830 1680 861 1735 in
873 1680 955 1737 sirni-
1008 1684 1069 1737 est:
1080 1682 1158 1737 unde
1169 1680 1250 1738 nulla
1259 1682 1406 1738 cunctatio
1420 1685 1464 1738 cst
1478 1681 1640 1738 secuudum
1651 1679 1706 1737 bac
1722 1681 1834 1737 dictum

124 1770 277 1828 titudinem
295 1769 442 1826 bominum
453 1773 555 1840 laotos,
571 1772 597 1824 et
610 1768 707 1824 babitu
721 1770 848 1825 invertas
862 1781 893 1824 ut
906 1768 954 1826 bo·
1007 1784 1073 1826 essa
1100 1769 1194 1827 lorma
1216 1771 1292 1827 servi
1309 1772 1404 1843 major
1427 1775 1473 1827 est
1495 1770 1590 1842 Pater,
1612 1769 1659 1826 oui
1675 1770 1769 1826 forma
1783 1769 1833 1827 ilai

124 1863 313 1937 moil’biiipp.
330 1879 361 1933 n,
377 1863 406 1929 6,
416 1860 457 1933 7).
477 1861 529 1917 list
544 1876 613 1935 ergo
623 1859 676 1917 Dei
695 1859 785 1918 Filius
803 1860 861 1918 Deo
879 1860 954 1917 Patri
1007 1858 1130 1931 aequalis
1150 1865 1196 1915 est
1220 1858 1320 1916 Filius.
1346 1860 1404 1917 Neo
1428 1859 1584 1932 quisquam
1615 1876 1682 1916 cnm
1710 1858 1835 1917 audierit

125 1958 232 2010 natura
247 1951 378 2025 aqualis,
396 1950 497 2007 babitu
514 1949 620 2007 minor.
639 1955 670 2006 ln
685 1950 867 2007 iormaenim
878 1950 954 2007 serti
1007 1949 1085 2020 quod
1101 1949 1142 2005 ait
1155 1948 1320 2021 Apostolus,
1336 1949 1403 2006 Com
1418 1957 1513 2005 uatem
1525 1950 1642 2017 dixerit,
1657 1950 1724 2021 qaia
1738 1950 1834 2007 omnia

125 2059 215 2116 quam
227 2043 349 2114 aceepit.
363 2041 515 2097 minorest
525 2039 609 2096 Patro
622 2057 629 2095 :
644 2039 674 2096 in
684 2040 777 2096 lorma
788 2044 886 2097 autem
902 2039 954 2097 Dei
1006 2039 1201 2112 sabjectasant
1214 2039 1251 2104 ei,
1265 2039 1444 2110 manifestam
1457 2040 1524 2110 quio
1538 2041 1712 2111 praeieream
1725 2041 1774 2112 qui
1789 2039 1835 2097 iiii

125 2131 153 2189 in
164 2149 225 2205 qua
235 2136 297 2188 orat
307 2130 396 2187 etiam
409 2134 567 2202 antequam
583 2128 660 2185 hanc
670 2129 840 2197 accedisset,
855 2146 953 2201 aequa·
1006 2127 1122 2198 sobiecii
1135 2129 1230 2185 omnia
1243 2127 1267 2197 (1
1290 2127 1351 2184 Cor.
1367 2146 1415 2198 xv,
1433 2129 1480 2195 28,
1492 2128 1538 2194 24,
1553 2128 1610 2199 27),
1632 2127 1673 2185 ita
1687 2127 1835 2187 existimet

126 2219 163 2277 lis
178 2225 225 2277 est
235 2219 324 2276 Patri.
335 2220 366 2276 ln
383 2219 476 2275 lorma
486 2216 548 2285 Dei,
568 2218 697 2275 Verbum
717 2234 768 2290 par
781 2219 859 2290 quad
878 2219 955 2275 lacta
1007 2216 1043 2274 ds
1058 2217 1142 2273 Patre
1159 2216 1394 2290 intelligendum,
1408 2216 1487 2292 quod
1503 2215 1660 2289 subjeosrit
1673 2217 1774 2273 omnia
1788 2217 1832 2273 Fi·

123 2314 194 2367 sunt
208 2309 309 2367 omnia
323 2308 412 2380 (ioan.
431 2308 456 2378 t,
472 2308 519 2377 3):
532 2306 562 2363 in
579 2307 673 2364 torma
687 2312 785 2364 entem
802 2307 877 2365 servi
893 2307 952 2365 iao·
1005 2306 1057 2372 lio,
1073 2311 1106 2363 ut
1116 2305 1215 2380 ipsum
1226 2305 1333 2364 Filium
1344 2306 1401 2364 sibi
1411 2307 1512 2364 omnia
1527 2306 1690 2380 subjecisse
1704 2323 1762 2364 uon
1778 2323 1832 2381 pu·

121 2404 168 2456 tus
183 2414 219 2456 ex
235 2397 368 2466 muliere,
383 2397 478 2453 inatus
494 2397 550 2452 sub
568 2395 650 2470 tege,
662 2399 694 2452 ut
710 2413 760 2454 eos
774 2395 888 2468 qnisub
899 2398 951 2454 Le·
1004 2393 1304 2469 tetouodlpostolus
1314 2397 1350 2451 ad
1362 2394 1563 2469 Philippenses
1573 2393 1830 2453 ostenditdicens:

121 2491 266 2563 gramm,
281 2487 439 2544 redimeret
463 2484 564 2559 (Galat.
589 2503 628 2552 ιν,
654 2486 680 2555 l,
695 2485 736 2556 5).
765 2485 890 2543 Proinde
920 2486 951 2544 in
1004 2485 1107 2543 Nostra
1120 2493 1214 2543 oatem
1227 2486 1396 2543 conversatio
1416 2486 1447 2541 in
1459 2483 1536 2542 caelis
1550 2484 1700 2549 est,·ande
1721 2487 1748 2541 et
1770 2484 1833 2542 Soi-

121 2578 214 2635 lorma
227 2575 279 2634 Dei
296 2575 364 2633 lecit
379 2575 546 2633 bominem:
561 2574 591 2631 in
603 2575 698 2632 torma
712 2591 788 2633 servi
806 2576 953 2634 lactusest
1004 2582 1125 2632 notorem
1139 2583 1326 2648 exspectamus
1342 2577 1491 2631 Dominam
1504 2579 1603 2632 iesum
1619 2575 1835 2647 Christumque

123 2665 222 2724 bomo.
240 2665 315 2724 llam
331 2664 356 2721 si
372 2664 457 2721 Pater
469 2667 585 2721 tantum
599 2664 663 2721 sine
679 2662 751 2720 Filio
769 2662 886 2721 lenisset
899 2663 951 2720 bo·
1005 2664 1216 2736 transfiqorobit
1228 2679 1327 2738 corpas
1341 2663 1510 2721 hamilitatis
1524 2671 1638 2732 nostrae,
1655 2650 1837 2734 conformeai

126 2755 250 2822 minam,
265 2770 322 2811 non
339 2753 482 2826 seriptum
497 2757 586 2821 asset,
602 2754 745 2810 Faciamus
759 2752 898 2810 bominem
915 2753 954 2809 od
1005 2753 1054 2825 fiat
1068 2754 1177 2826 corpori
1190 2754 1291 2824 oloriae
1303 2767 1373 2822 saae,
1384 2753 1538 2810 secandam
1544 2753 1732 2824 operationem
1739 2769 1831 2822 suam,

121 2844 273 2917 intoqinem
281 2847 308 2901 et
318 2842 533 2901 similitudinem
546 2851 669 2899 nostram
681 2841 759 2914 (Gen.
775 2860 796 2913 1,
807 2842 862 2912 to).
879 2842 953 2916 drgo
1005 2859 1060 2916 qaa
1072 2845 1254 2916 possitetiam
1262 2844 1316 2900 sibi
1327 2843 1463 2915 subjicere
1475 2844 1570 2899 omnia
1582 2843 1716 2917 (Philipp.
1732 2857 1775 2910 ιιι,
1785 2843 1832 2913 20,

123 2934 193 3008 qnis
207 2934 302 2991 lorma
325 2932 376 2990 Dei
392 2931 505 3005 aceepit
532 2932 658 2989 formam
684 2931 771 3001 servi,
795 2935 954 3004 ntmmque
1004 2932 1061 3004 21).
1079 2931 1284 3005 inseparabilis
1303 2933 1382 2989 enim
1398 2931 1527 3004 operatio
1542 2937 1587 2988 ast
1604 2931 1698 2988 Patris
1718 2931 1832 2989 etllilii.

125 3028 200 3082 Deus
213 3026 244 3081 st
257 3027 416 3095 utrumqne
431 3022 520 3078 hamo
537 3039 544 3078 :
560 3022 611 3078 sed
629 3025 790 3094 utrumque
800 3021 877 3078 Deus
891 3038 955 3094 pro·
1005 3020 1143 3094 Alioquin
1160 3038 1212 3078 neo
1228 3021 1290 3094 ipse
1303 3022 1388 3079 Pater
1400 3020 1710 3093 sibisubjecit,omniu
1725 3020 1776 3078 sed
1791 3020 1832 3077 Fi·

121 3110 391 3187 pterarcipientem
420 3111 526 3179 Deum,
545 3115 710 3185 ‘utramque
738 3114 836 3168 autem
867 3110 953 3169 bomo
1005 3109 1836 3185 linsoisubjeoit,quieiregnumtradit,atevacuatam·

123 3207 243 3277 propter
256 3206 409 3274 acceptum
423 3201 574 3258 hominem
592 3216 687 3275 neqns
708 3199 787 3257 onim
813 3199 864 3258 ilia
886 3217 953 3258 sus·
1005 3216 1072 3258 uem
1089 3199 1455 3273 principatumetomnem
1467 3199 1832 3273 potestatemetvirtutem.

126 3291 262 3365 ceptione
274 3288 399 3346 alterum
415 3305 517 3347 eorum
533 3289 563 3345 in
577 3288 700 3346 alterum
726 3306 899 3347 conversum
910 3293 953 3346 at·
1005 3289 1046 3348 De
1061 3289 1131 3346 nitio
1146 3290 1254 3364 quippe
1268 3289 1325 3347 ista
1339 3289 1418 3347 diota
1441 3294 1529 3347 sunt:
1547 3293 1617 3347 cum
1627 3288 1833 3359 tradiderit,in·

124 3396 181 3455 qne
192 3383 340 3437 mutatum
351 3383 395 3436 ost
407 3395 414 3436 :
426 3379 624 3436 neudivinitas
634 3378 953 3452 quippeinoreatnram
1005 3378 1080 3454 quit,
1096 3396 1209 3451 reqnam
1225 3380 1275 3436 lieo
1289 3383 1315 3436 et
1339 3380 1510 3445 Petrinum
1532 3381 1705 3434 evacuaverit
1725 3393 1833 3434 omnem

121 3472 234 3527 mutata
243 3473 298 3539 est,
310 3472 343 3524 ut
354 3468 509 3525 desisteret
518 3484 583 3526 csso
594 3468 749 3538 diviuitas;
762 3474 954 3525 neccrsatura
1001 3466 1833 3543 principatumetomnempotestatemetoirtntem.lpssenim

120 3556 358 3627 indivinitatsm,
374 3561 406 3614 ut
421 3556 576 3614 desisteret
587 3573 654 3614 esse
669 3561 815 3613 ereatura.
1006 3557 1136 3631 subjicit,
1152 3557 1203 3630 qui
1218 3562 1351 3614 evacuat.

156 3645 277 3704 CAPUT
286 3645 363 3704 Vlll.
377 3677 408 3688 -
423 3647 467 3704 15.
481 3647 643 3716 Scripturas
657 3646 691 3702 de
704 3646 874 3719 subjectione
886 3647 955 3703 liiii
1042 3647 1086 3705 lb.
1097 3646 1155 3704 Neu
1170 3646 1213 3704 sio
1229 3646 1406 3703 arbitramur
1417 3645 1565 3702 Christum
1589 3644 1769 3703 traditurum
1785 3661 1832 3703 re·

121 3736 268 3793 tabPotre
279 3752 426 3808 perperam
436 3735 590 3793 intellectas
599 3734 727 3808 explieat.
743 3736 864 3807 ileqnam
875 3736 955 3792 Patri
1004 3752 1096 3810 gnum
1113 3737 1171 3793 Deo
1185 3740 1214 3792 et
1228 3735 1317 3797 Patri,
1333 3739 1365 3791 ut
1379 3735 1490 3792 adimat
1499 3735 1567 3792 sibi.
1581 3735 1653 3793 Nam
1662 3740 1691 3791 et
1705 3735 1759 3792 hoo
1769 3735 1833 3809 qui·
1903 3741 1906 3746 '

120 3841 174 3882 non
184 3824 325 3882 detrudet
341 3824 482 3891 Carisius,
498 3828 529 3880 at
545 3823 654 3880 adimat
673 3824 737 3879 sibi.
753 3824 954 3896 dmtempiotio
1005 3825 1074 3882 dam
1089 3824 1240 3898 vaniloqui
1254 3824 1451 3881 crediderunt.
1466 3825 1540 3882 Cum
1551 3824 1630 3881 euim
1646 3824 1764 3894 dicitnr,
1776 3833 1832 3882 tra-

120 3916 254 3987 peamr'ssa
267 3913 333 3985 finis
347 3915 476 3972 omnium
489 3914 639 3970 astionem.
652 3913 777 3985 Spiritus
789 3918 903 3970 sanetas
917 3913 955 3970 od
1004 3914 1105 3972 diderit
1118 3931 1235 3987 requam
1257 3915 1311 3972 ileo
1334 3918 1361 3971 et
1381 3914 1471 3983 Patri,
1495 3931 1552 3971 nou
1579 3919 1733 3988 separatur
1750 3913 1833 3987 ipre,

121 4001 943 4075 bemrsdmemnostromsuspicitperindeaovater,illudau
1005 4003 1249 4077 quiaaimnlaum
1262 4001 1832 4061 PatreunuaDsusest.Seddivinarum
1944 4062 1948 4069 ,

119 4095 176 4149 tem
188 4091 268 4165 quod
285 4090 356 4148 dicit
371 4091 536 4165 Apostolus,
553 4093 730 4150 damoclem
743 4092 877 4148 eiomnin
893 4090 954 4148 sub
1005 4092 1223 4167 seripturarum
1243 4091 1419 4151 ἰιιοιιιιίιεοιί
1442 4100 1471 4150 et
1487 4094 1708 4150 contentionum
1720 4092 1835 4151 studio·

116 4183 190 4255 isaia
203 4182 322 4255 inerint,
334 4184 433 4238 tonost
442 4181 501 4254 ipse
512 4181 598 4237 Filias
607 4181 746 4254 subjectas
754 4182 839 4238 eritei
848 4183 898 4254 qai
909 4181 955 4238 iiii
1005 4199 1054 4240 sos
1069 4180 1143 4239 fallit
1157 4183 1277 4240 verbum
1292 4182 1369 4256 quod
1385 4183 1511 4254 positum
1524 4190 1578 4249 est,
1594 4182 1738 4239 donealta
1749 4198 1833 4238 nam·

119 4272 236 4344 subjecit
246 4271 358 4333 onmia:
367 4274 418 4326 aul
431 4269 497 4327 ideo
506 4269 616 4326 dictum
628 4274 723 4338 estne
733 4269 890 4343 quisquam
903 4287 955 4343 pu·
1004 4287 1063 4345 que
1078 4271 1225 4344 sequitur,
1243 4269 1442 4341 Oporteteninr
1453 4271 1534 4327 iiiam
1543 4286 1673 4343 reprime,
1685 4272 1773 4327 donee
1785 4287 1833 4341 po·

119 4359 341 4418 teretbabitum
353 4357 473 4430 Christi,
489 4360 539 4433 qui
550 4359 871 4416 exhumansorcatura
885 4375 952 4416 sus·
1003 4363 1157 4418 notomnes
1172 4361 1300 4418 inimicos
1318 4360 1441 4417 suossab
1453 4360 1568 4432 pedibas
1586 4361 1644 4415 sois
1661 4360 1684 4432 (ι
1706 4359 1768 4416 Cor.
1785 4377 1831 4427 xv,

120 4452 223 4525 osptus
237 4453 294 4518 est,
310 4465 485 4506 marsosum
499 4449 534 4504 iri
545 4453 648 4521 postea
661 4448 692 4504 iu
708 4448 803 4520 ipsam
821 4446 954 4505 divinita·
1002 4450 1104 4524 tito)
1116 4468 1124 4508 z
1135 4455 1276 4522 tauquam
1292 4466 1360 4506 cum
1374 4449 1514 4522 posuerit,
1529 4466 1587 4506 non
1599 4449 1831 4522 sitrsgnaturus.

121 4537 253 4610 temno,
266 4542 299 4595 ut
313 4539 420 4596 certius
435 4538 641 4611 expresserim,
655 4536 806 4605 deitatem,
819 4553 883 4610 qum
895 4554 952 4594 non
1003 4539 1064 4598 Neo
1078 4537 1247 4612 intelligunt
1262 4538 1305 4594 ita
1320 4536 1440 4605 dictum,
1457 4536 1544 4593 sicuti
1559 4541 1604 4594 cst
1619 4537 1691 4594 illud
1704 4556 1711 4596 ε
1724 4539 1831 4611 Confir-

124 4634 168 4687 eet
186 4631 331 4701 ereatura,
355 4628 407 4684 sed
428 4633 474 4685 est
493 4628 592 4684 unitas
610 4625 762 4684 Trinitatis
783 4624 954 4700 incorporea
1003 4632 1158 4685 matamest
1172 4644 1220 4685 eor
1233 4629 1293 4701 ejas
1305 4644 1316 4690 ,·
1330 4642 1387 4684 non
1401 4627 1625 4696 commovebitur,
1639 4627 1724 4686 donee
1745 4629 1833 4686 videat

120 4723 149 4776 et
173 4716 428 4775 incommutabilis
450 4722 479 4774 et
502 4716 621 4773 sibimet
644 4715 904 4773 consubstantialis
924 4720 953 4774 at
1002 4733 1086 4791 saper
1101 4719 1228 4776 inirnr'sos
1243 4733 1306 4774 saon
1320 4717 1408 4789 (Psoi.
1424 4733 1482 4785 cxi,
1509 4717 1547 4790 8).
1573 4717 1636 4774 Nou
1660 4717 1739 4774 enim
1763 4734 1832 4775 oum

124 4815 269 4865 ooaeterna
292 4811 407 4863 natura.
429 4808 485 4863 lut
511 4806 536 4862 si
562 4805 720 4879 quisquam
744 4805 903 4874 contendit,
920 4810 953 4862 ut
1003 4807 1118 4880 viderit,
1131 4809 1193 4880 jam
1209 4806 1535 4873 sommovebitur.0uid
1551 4807 1758 4881 ergoest,Cam
1769 4810 1830 4867 tra·

122 4895 216 4970 sliqui
231 4901 400 4961 senserunt,
414 4894 456 4952 ita
471 4895 593 4962 dietum,
608 4896 641 4952 lit
665 4897 721 4967 ipse
744 4895 835 4953 Filias
849 4896 952 4968 sabjec-
1001 4895 1106 4953 diderit
1120 4913 1235 4970 reqnam
1249 4897 1458 4954 lleoetl’otrii
1481 4896 1567 4969 quasi
1590 4896 1674 4954 modo
1693 4912 1752 4953 non
1779 4895 1829 4954 ba·

119 4994 165 5044 tos
179 4987 235 5044 erit
249 4986 276 5042 ei
289 4986 338 5059 qai
356 4984 402 5043 titt
421 4984 550 5058 subjeccit
562 5000 666 5056 omnio,
678 4988 712 5042 nt
723 4983 819 5056 ipsam
835 4984 951 5057 subjeo·
1003 4984 1070 5043 beat
1084 5002 1208 5061 regnum
1223 4986 1303 5043 Deus
1317 4990 1345 5042 ot
1357 4986 1461 5044 Pater?
1477 4987 1533 5043 Sed
1557 4985 1626 5058 quin
1650 4986 1829 5056 umnesJ'us·

118 5075 241 5145 tionem,
265 5075 528 5133 commutationem
553 5077 583 5131 et
604 5073 825 5131 conversionem
854 5074 953 5131 credat
1002 5079 1060 5142 tos,
1075 5074 1226 5149 inquibus
1241 5092 1321 5132 nuno
1335 5080 1439 5150 regnat
1453 5092 1488 5133 ex
1508 5075 1566 5132 lida
1579 5073 1744 5131 viventibus
1768 5090 1829 5132 ma·

118 5165 250 5222 laturam
264 5169 405 5222 creatura
419 5163 450 5220 iu
465 5162 561 5236 ipsam
576 5163 775 5220 substantiam
790 5163 835 5220 vel
850 5179 950 5221 essen·
1002 5163 1098 5224 diator
1113 5165 1163 5222 Dei
1177 5168 1207 5222 st
1220 5165 1376 5225 hominum
1392 5166 1479 5224 homo
1491 5163 1625 5221 Christus
1647 5166 1745 5234 iesus,
1761 5180 1829 5237 per·

117 5253 190 5311 tiam
210 5253 367 5321 creatoris,
390 5253 419 5309 id
444 5258 499 5320 est,
523 5256 642 5326 utque
668 5252 763 5309 luerat
786 5252 951 5312 substantia
1002 5253 1145 5311 ducturus
1170 5253 1275 5311 estad
1304 5253 1444 5328 speeiem,
1468 5267 1558 5324 quam
1585 5249 1729 5308 visionem
1758 5251 1830 5309 dicit

114 5347 267 5411 creatura,
284 5342 336 5400 liat
350 5341 517 5400 substantia
530 5341 695 5408 Creatoria3
722 5346 800 5399 certe
821 5341 866 5399 vel
890 5341 946 5400 boo
1000 5342 1079 5401 idem
1095 5341 1256 5416 apostolus,
1271 5343 1353 5401 Facie
1367 5341 1403 5399 ud
1422 5342 1524 5415 facim
1543 5340 1566 5410 (Ι
1589 5338 1650 5397 Cor.
1674 5356 1738 5409 1111,
1762 5342 1827 5416 12);

115 5430 261 5503 eonomit,
271 5431 350 5505 quod
367 5446 424 5489 non
440 5429 626 5488 babetullam
636 5429 861 5501 dubitationem,
873 5446 950 5488 nnn·
1000 5431 1044 5490 ita
1057 5432 1170 5491 dietum
1186 5436 1241 5503 est,
1257 5431 1326 5490 dnm
1340 5430 1484 5490 tradiderit
1497 5445 1616 5504 reqnom
1629 5430 1682 5488 ileo
1696 5439 1723 5489 et
1735 5433 1828 5505 Patri,

116 5522 191 5578 dum
204 5518 263 5580 boa
276 5520 368 5579 luisse
382 5520 494 5578 lautum
508 5537 577 5579 eum
593 5518 738 5578 Dominus
752 5519 873 5589 diceret,
888 5521 950 5579 Po·
1001 5538 1035 5581 aa
1046 5522 1072 5580 si
1086 5522 1241 5596 diceretur,
1266 5522 1339 5580 Cum
1355 5519 1524 5595 perduxerit
1538 5520 1689 5579 credentes
1704 5521 1742 5580 ad
1757 5538 1827 5581 eon-

116 5612 162 5667 ιιι·
172 5609 265 5684 major
277 5625 322 5668 me
332 5613 383 5668 est.
399 5609 478 5667 Dixit
498 5609 578 5667 euim
602 5607 658 5666 boo
681 5623 739 5665 non
756 5606 853 5666 solum
867 5615 950 5668 ante·
999 5610 1221 5685 templatiousm
1235 5611 1284 5668 Dei
1299 5615 1329 5667 et
1344 5609 1448 5668 Patris.
1474 5609 1522 5668 Sia
1546 5609 1625 5669 enim
1649 5610 1721 5668 dicit
1737 5627 1745 5669 ι
1763 5613 1826 5670 Om-

115 5714 212 5775 quam
233 5698 415 5757 moendisset
436 5696 467 5758 iu
491 5696 733 5772 antemnarum
755 5696 845 5757 etiam
866 5703 950 5759 antc-
999 5702 1050 5761 nia
1063 5700 1136 5759 mibi
1156 5700 1259 5759 tradita
1272 5709 1336 5758 sant
1360 5717 1379 5759 a
1398 5701 1487 5758 Patre
1501 5716 1562 5764 mea
1577 5719 1586 5767 ι
1600 5704 1628 5764 et
1649 5718 1728 5764 mmo
1751 5704 1829 5763 novit

117 5786 719 5863 quampmmrrerurrexnsetamonaia.
732 5786 885 5850 liliautem
896 5787 948 5863 qul
1032 5798 1099 5853 isio
1111 5798 1173 5852 lies
1191 5786 1262 5854 suti
1275 5797 1517 5866 artemonianos.
