3908 6128
690 275 1306 507 Aaronom*

796 612 946 701 ΤΟΜΙ
973 610 1189 704 OCTAVI

233 816 667 974 OPERUM
723 813 1093 971 SANCTI
1140 815 1741 1006 AUGUSTINI,

930 1078 961 1120 nt
979 1077 1037 1128 oue

527 1205 753 1270 senatricis
773 1205 927 1270 ISTHAEC
948 1204 1154 1271 opuscula
1175 1206 1444 1286 exulaturus,

911 1353 1037 1396 seruum
1051 1354 1058 1395 ε

129 1484 307 1532 reserares
331 1477 451 1529 coenan
473 1480 602 1535 cornone
625 1479 779 1527 amasses.
1055 1479 1144 1526 arasa
1169 1479 1283 1528 erasmo
1317 1481 1485 1529 rarsrrum
1520 1482 1661 1531 arescere
1699 1482 1847 1532 esserra·

132 1582 233 1629 saeuo
273 1580 390 1627 cossas
431 1578 570 1637 sunaus,
614 1577 746 1625 rhemos
788 1578 827 1624 er
868 1577 958 1624 anu·
1057 1579 1126 1625 rus.

171 1679 239 1726 uos.
884 1727 886 1731 ,
1013 1677 1206 1731 ouusrroues
1226 1678 1266 1723 ne
1287 1677 1449 1725 aerumans
1471 1678 1510 1725 er
1530 1678 1568 1725 ua
1595 1678 1708 1728 causer
1730 1681 1773 1727 ex
1792 1681 1846 1729 at·

132 1774 339 1824 auscenses
365 1772 597 1821 aareucarrose
628 1773 838 1820 accessisses
860 1773 957 1821 erua-
1053 1776 1143 1821 curuo
1164 1774 1341 1822 aucuerre.

175 1874 271 1921 eheu.
1012 1874 1051 1919 na
1072 1874 1303 1922 rucaeuarroua
1320 1876 1413 1923 vener
1433 1875 1475 1921 an
1489 1876 1663 1925 impensuri
1681 1876 1767 1925 crena
1788 1878 1847 1927 nuo

134 1972 174 2018 aa
194 1973 264 2019 erne
287 1969 406 2017 course
436 1967 617 2015 uamcauoa
645 1967 732 2015 crees
762 1964 876 2016 evento
896 1968 960 2016 rar·
1053 1972 1193 2019 consuere
1215 1973 1254 2018 ax
1276 1971 1419 2020 euroeae.

175 2071 285 2116 eorus.
1011 2069 1098 2115 areca
1119 2071 1158 2115 aa
1179 2070 1344 2117 susurrare
1362 2072 1402 2119 ur
1420 2073 1552 2120 narrare
1573 2073 1637 2121 ner.

134 2165 384 2214 oonuoerroaruu
406 2146 513 2230 (vulgo
533 2145 711 2228 assuerim)
733 2163 772 2209 aa
801 2164 957 2211 escrerea·
1012 2168 1050 2213 na
1074 2168 1216 2215 essuurra
1238 2169 1442 2216 orvrurrarre.

173 2267 220 2313 ors
241 2265 415 2312 amiculus
436 2263 489 2317 our
510 2263 762 2310 conveniemus.
1012 2264 1159 2312 arenosus
1179 2267 1218 2311 ue
1239 2267 1376 2314 narrare
1398 2266 1526 2315 enuere
1545 2268 1730 2319 susurrares.

42 2399 45 2403 -
133 2365 250 2413 coum
271 2361 457 2411 reticulum
471 2361 609 2407 salatiel(
631 2362 670 2406 1>ss
685 2362 754 2407 Plltss
769 2362 956 2423 temeratus,
1013 2363 1098 2409 neue
1120 2364 1159 2409 ult
1181 2364 1422 2411 ecetesttsslcrs
1443 2364 1644 2414 boeusrteee.

294 2470 531 2552 Conporooimus
545 2486 594 2531 ees
608 2487 705 2531 omnes
719 2468 858 2531 editiones
872 2471 958 2532 t'mtt'o
973 2471 1110 2533 Retract.
1127 2479 1155 2532 et
1171 2471 1319 2547 Confusa,
1337 2479 1358 2534 t.
1375 2473 1389 2534 l
1407 2481 1596 2536 memoratus.
1639 2474 1683 2538 u.

459 2732 721 2800 ADMONITIO
752 2733 803 2800 IN
833 2733 1208 2810 SUBSEOUENTEM
1238 2735 1510 2803 SERMONEM.

171 2977 340 3035 Tractatum
356 2973 494 3031 adversus
509 2972 640 3046 quinque
653 2973 793 3043 Hereees,
810 2990 898 3047 quam
913 2975 1054 3033 Erasmus
1069 2975 1196 3033 hominis
1210 2975 1317 3033 eruditi
1326 2975 1488 3049 quidemst
1501 2975 1596 3049 arguti
1607 2980 1637 3034 et
1649 2976 1774 3035 fecundi
1784 2994 1843 3037 esse

132 3068 297 3134 censuerat,
309 3080 367 3118 non
383 3062 653 3134 tameuAugustiui,
669 3063 727 3119 nisi
734 3066 805 3136 torte
817 3063 868 3134 ait,
879 3065 986 3134 invenis
995 3065 1114 3138 scripsit,
1126 3065 1289 3137 Augustino
1301 3065 1365 3122 sine
1375 3064 1561 3122 cunctatione
1571 3065 1747 3138 adjudicant
1756 3066 1841 3125 Lora·

132 3155 250 3212 aienses
259 3158 289 3209 et
302 3150 508 3218 Bellnrmiuus,
524 3150 632 3223 alitque
646 3151 818 3208 auctoritate
833 3151 927 3221 Beda,
942 3153 992 3224 qui
1007 3170 1041 3209 ex
1055 3154 1150 3227 capite
1164 3156 1298 3226 ejusdem
1324 3157 1468 3211 tractatus
1488 3157 1594 3226 quarto
1608 3159 1638 3210 et
1650 3157 1759 3227 quinto
1773 3157 1841 3214 citat

131 3245 266 3318 quedam
282 3241 312 3297 in
327 3243 416 3312 caput
432 3239 559 3312 primum
576 3239 711 3309 Epistula
728 3240 807 3296 Pauli
824 3241 860 3297 ad
876 3240 1077 3300 Romanosha
1091 3243 1127 3299 de
1142 3244 1218 3299 iectu
1232 3244 1321 3299 verba
1339 3242 1458 3299 nomine
1473 3243 1631 3315 Augustini
1647 3244 1742 3302 citata
1755 3261 1836 3320 repe·

128 3334 247 3389 riantur
261 3345 319 3385 uon
335 3327 431 3384 solum
447 3327 477 3382 in
492 3325 610 3399 vulgata
623 3327 705 3382 Badeo
722 3326 892 3385 collectione
902 3327 952 3384 illa
962 3329 1101 3397 auctiore,
1113 3329 1282 3403 quererius
1292 3335 1337 3387 est
1347 3329 1424 3386 Flori
1434 3329 1642 3403 Lugdunensis
1656 3352 1665 3402 ς
1682 3333 1736 3390 sed
1752 3337 1837 3392 etiem

106 3444 111 3454 ·
128 3420 160 3475 in
174 3418 265 3475 altera
280 3419 359 3474 certe
373 3415 466 3482 Beda,
484 3432 549 3487 quae
564 3430 664 3488 poeues
681 3432 733 3472 nos
745 3419 790 3472 est
803 3416 916 3472 brevior
930 3417 960 3472 ia
976 3417 1098 3473 Paulum
1114 3417 1245 3490 eclectio,
1259 3419 1390 3474 noudum
1411 3418 1490 3491 typis
1503 3417 1591 3474 edita.
1615 3417 1727 3476 Verum
1743 3437 1837 3479 sermo

127 3510 183 3567 iste
198 3508 294 3563 dictus
308 3522 342 3562 eo
356 3510 486 3577 tempore
500 3504 739 3577 deprehenditur,
751 3521 810 3577 quo
822 3506 918 3562 Africa
933 3508 1088 3563 tenebatur
1102 3507 1276 3564 arianorum
1292 3508 1576 3580 dominatu,qusndo
1588 3507 1653 3579 jnm
1668 3511 1835 3569 orthodoxia

128 3596 307 3671 pastoribus,
322 3594 389 3651 aliis
402 3593 504 3650 exsilio
520 3610 571 3650 eeu
588 3594 667 3667 luga,
683 3593 748 3650 aliis
764 3599 858 3651 morte
872 3595 1007 3667 sublatis,
1023 3596 1150 3653 heretici
1170 3596 1334 3653 catholicos
1355 3601 1384 3653 et
1407 3596 1677 3654 concertationibus
1700 3599 1839 3657 sollicite·

128 3687 210 3757 bant,
227 3690 257 3742 et
271 3684 477 3758 largitionibus
492 3683 651 3756 pecuniave
667 3700 853 3756 corrumpere
868 3686 1031 3741 tentabant.
1048 3690 1081 3741 In
1096 3686 1191 3759 capite
1205 3687 1233 3754 6,
1251 3688 1303 3745 tibi
1315 3688 1392 3755 estis,
1408 3685 1514 3760 iuquit,
1528 3689 1619 3759 [onia
1633 3687 1837 3761 hemmerami

125 3777 232 3850 Quibus
244 3774 376 3848 apricotis
390 3775 484 3847 loquor
498 3776 510 3827 .⁹
524 3774 580 3829 Atii
588 3778 652 3829 sont
665 3775 834 3840 mortuintii
846 3777 947 3847 sequti.
963 3775 998 3831 Εἰ
1011 3792 1074 3849 cap.
1090 3781 1116 3833 7.
1130 3777 1299 3833 liverentur
1312 3777 1471 3849 (Amanus).
1480 3778 1709 3850 olomuetitipiot.
1719 3785 1834 3854 puqoet,

126 3866 222 3921 turios
236 3866 391 3934 conprepot,
406 3873 502 3919 contro
516 3862 655 3918 Christum
669 3862 793 3919 dimicet.
810 3864 858 3919 ltte
871 3865 1034 3934 sanquinem
1042 3865 1124 3936 sedit,
1136 3874 1168 3921 ut
1180 3865 1298 3922 redimet
1307 3884 1317 3921 .·
1331 3868 1385 3922 iste
1397 3868 1544 3938 pecuniam
1556 3866 1693 3939 spopit,ut
1706 3871 1832 3940 meret

126 3951 241 4008 Similia
255 3950 391 4024 leguntur
404 3951 434 4006 in
450 3967 585 4007 sermone
599 3957 616 4004 2
631 3951 666 4006 ad
682 3951 923 4019 catechumenos,
939 3969 969 4008 n.
983 3953 1029 4019 24,
1046 3957 1075 4009 et
1090 3969 1225 4010 sermone
1249 3954 1285 4010 de
1307 3954 1449 4027 Tempore
1469 3954 1633 4022 barbarico,
1651 3971 1682 4012 n.
1700 3958 1736 4013 10
1751 3975 1760 4028 3
1774 3973 1832 4032 que

124 4044 204 4096 tome
220 4043 312 4109 serto,
323 4038 352 4094 iu
368 4044 484 4113 tempus
495 4038 660 4096 Vandalicis
675 4041 886 4112 persecutionis
901 4045 967 4114 post
980 4042 1135 4114 Augustini
1151 4047 1275 4100 mortem
1290 4043 1419 4099 excitate
1434 4043 1588 4100 convenire
1603 4045 1832 4107 observavimus.

123 4129 264 4185 Preteren
279 4125 366 4183 dictio
381 4127 520 4183 necastis
535 4132 684 4196 accurata,
700 4142 753 4183 nec
767 4132 827 4183 tam
844 4129 921 4184 seria
935 4133 989 4198 est,
1006 4146 1094 4201 quam
1111 4130 1185 4186 solet
1199 4147 1263 4187 esse
1277 4131 1447 4205 Augustini.
1463 4131 1594 4205 Exempli
1609 4133 1759 4206 gretia,in
1774 4152 1831 4210 cap.

121 4217 149 4286 3,
167 4221 224 4272 Deo
240 4214 318 4270 Patri
334 4216 371 4271 ed
386 4215 566 4288 gignendum
583 4214 688 4270 Filium
704 4216 838 4288 conjugis
852 4217 915 4273 vice
930 4217 1020 4273 luisse
1034 4218 1140 4273 bonam
1157 4218 1337 4275 voluntatem
1357 4220 1450 4289 docet,
1465 4220 1508 4276 Ad
1527 4220 1587 4277 bac
1602 4222 1683 4293 quod
1697 4224 1831 4298 Augusti·

121 4304 203 4362 tinus
217 4304 248 4360 in
263 4304 429 4363 Donatistae
444 4304 573 4377 scripsit,
589 4304 618 4359 id
634 4308 735 4360 auctor
749 4304 779 4359 iu
795 4305 918 4362 Arianos
933 4309 1058 4378 torquet,
1068 4323 1130 4380 cap.
1146 4309 1164 4363 6
1180 4309 1289 4378 :Quare
1302 4310 1442 4382 litigemus
1457 4310 1511 4365 tSi
1523 4325 1583 4366 unu
1596 4310 1678 4368 notis
1691 4319 1733 4368 est
1749 4313 1831 4372 Λευ·

33 4388 36 4393 ’
120 4400 203 4471 dios,
228 4399 312 4455 simol
326 4395 523 4468 possideamus,
537 4396 640 4464 tratres
654 4408 756 4460 sumus,
774 4396 830 4448 etc.
842 4394 995 4450 Credimus
1009 4394 1108 4467 itaque
1127 4394 1234 4452 Bedarn
1250 4395 1306 4469 bic,
1319 4397 1570 4468 quemadmodum
1594 4401 1623 4454 et
1638 4399 1670 4455 ia
1682 4399 1831 4458 subdititia

121 4485 279 4544 Collatione
294 4502 361 4542 cum
377 4481 540 4552 Poematia,
557 4497 645 4553 quam
660 4479 690 4536 in
707 4480 828 4537 secundi
839 4481 911 4537 tomi
926 4483 1117 4554 appendicem
1133 4484 1493 4558 rejecimus,dececeptum
1507 4502 1572 4543 esse
1587 4501 1687 4543 errore
1703 4494 1830 4547 ueterum

121 4576 255 4632 codicum
271 4575 322 4647 qui
338 4574 416 4629 hunc
432 4574 589 4627 tractatum
606 4571 766 4642 Augustino
784 4571 945 4643 assignant.
961 4573 1056 4643 Hujus
1069 4571 1330 4632 librimentionem
1356 4576 1426 4632 lecit
1449 4575 1637 4644 hincmarus,
1655 4576 1708 4633 lib.
1726 4578 1764 4635 de
1778 4595 1829 4637 non

119 4664 198 4722 trina
212 4663 332 4728 Baitolo,
345 4666 375 4719 et
389 4661 460 4734 quia
474 4665 679 4732 praeconceptae
693 4657 774 4716 illius
788 4659 918 4732 opinioni
934 4661 1017 4717 valde
1032 4661 1218 4719 incommoda
1232 4669 1315 4720 erant
1326 4664 1385 4721 haeo
1400 4665 1535 4738 capitie‘t
1553 4682 1560 4722 ε
1577 4664 1688 4723 Grotius
1703 4668 1830 4736 tibiam

118 4756 146 4813 ei
160 4770 218 4810 eno
234 4753 362 4818 Trinitas,
378 4767 435 4806 uno
449 4752 474 4806 el
489 4749 777 4816 tricentesimum
792 4759 818 4804 et
833 4765 891 4805 uno
906 4750 1069 4818 linitosibi
1086 4750 1188 4807 multis
1203 4753 1364 4823 etintendit,
1379 4770 1396 4808 a
1410 4754 1518 4827 pagiua
1534 4754 1645 4812 scilicet
1659 4756 1715 4813 ⁴50
1729 4757 1767 4813 ed
1781 4756 1829 4814 til

118 4859 153 4900 ea
166 4860 183 4900 e
197 4840 314 4900 falsario
329 4842 358 4896 et
372 4839 531 4912 impostore
546 4837 644 4910 aliquo
657 4837 748 4894 fuisse
763 4837 907 4894 immisse.
923 4839 954 4894 ln
966 4839 1063 4896 Indice
1079 4840 1203 4896 Possidii
1215 4845 1348 4898 actutum
1358 4842 1429 4898 dicit
1437 4842 1641 4912 bellarminus,
1654 4845 1686 4901 iu
1701 4861 1739 4902 ec
1751 4845 1826 4903 vide·

117 4930 196 5003 licet,
211 4948 297 5004 quem
313 4926 520 5002 interpolatum
536 4925 626 4982 edidit
640 4930 766 4983 ioannes
779 4925 969 4985 Ulimmerius
985 4944 993 4986 ε
1010 4945 1157 5002 nusquam
1168 4946 1234 4987 uero
1246 4930 1276 4987 in
1291 4931 1414 5001 caeteris3
1429 4936 1494 4988 tum
1508 4931 1607 4998 editis,
1617 4936 1683 4989 tum
1699 4935 1825 5009 scriptu,

117 5037 181 5093 que
196 5021 294 5077 videre
307 5019 392 5076 nohis
407 5015 499 5081 licuit,
516 5014 678 5072 Possidiani
695 5015 803 5071 Indicis
818 5015 1033 5089 exemplaribus
1048 5017 1442 5094 invenitur.Recognovimus
1456 5020 1625 5077 Tractatum
1639 5025 1670 5077 et
1691 5023 1826 5079 emenda·

116 5111 215 5167 vimus
229 5112 266 5168 ad
281 5109 396 5166 codices
408 5106 563 5164 Vaticanoe
574 5105 684 5171 decem,
696 5104 731 5161 ad
747 5108 974 5163 Germaueusem
990 5123 1093 5178 uuum,
1105 5109 1141 5165 ed
1158 5107 1376 5178 Michaeliuum,
1388 5110 1425 5165 ad
1441 5108 1660 5183 Remigianum,
1671 5110 1709 5167 ad
1726 5109 1825 5168 ssbrerl·

116 5200 269 5273 pheusem,
286 5200 321 5256 ed
339 5197 586 5270 arnulphensem,
603 5195 638 5250 ad
651 5194 886 5267 Cistercieusem,
902 5196 939 5252 ad
955 5197 1168 5265 Fussalensem,
1184 5198 1220 5253 ad
1236 5198 1449 5267 Goihertinum,
1466 5200 1502 5256 ad
1523 5199 1653 5256 codicem
1677 5199 1713 5255 V.
1730 5199 1763 5257 G.
1778 5201 1825 5257 do·

116 5291 188 5347 mini
204 5291 240 5347 de
254 5290 355 5346 lllerau
370 5286 525 5358 Tolosatis,
542 5287 576 5343 ad
594 5285 794 5343 Turoueuecm
808 5285 837 5342 S.
854 5285 980 5353 Getiaui,
993 5291 1022 5344 et
1036 5286 1127 5343 alium
1143 5286 1277 5344 Ecclesia
1292 5288 1499 5361 Lugdunensis
1514 5289 1656 5359 codicem,
1671 5293 1702 5345 in
1720 5287 1824 5362 quihus

114 5380 286 5437 inscribitur
308 5379 427 5436 Libellos
446 5378 578 5434 aduersus
593 5379 714 5451 quinque
722 5377 847 5444 hareses,
864 5376 924 5434 eive
937 5382 1034 5434 contro
1048 5380 1169 5451 quinque
1182 5377 1301 5436 hostium
1315 5396 1444 5457 ponera:
1456 5379 1526 5453 quin
1538 5396 1645 5453 nempe
1664 5383 1712 5438 est
1727 5383 1826 5438 contre

113 5487 255 5546 paganos,
270 5472 397 5545 iudeus,
414 5470 600 5539 Manicheos,
616 5469 798 5528 Sabellinnoe
810 5473 839 5527 et
853 5468 989 5527 Arianos.
