3908 6128
135 244 213 308 1063
676 244 730 305 nu
751 242 978 319 retulitne,
1002 243 1036 306 S.
1057 241 1274 308 aueosrntl
1763 240 1838 305 teet

134 377 269 452 quamvis
279 377 340 433 bac
350 378 476 450 quatuor
488 376 516 433 in
526 376 585 433 Deo
596 376 959 448 noninaequalin¹dicenda
1013 373 1840 449 sadipsasnivenerabilimirabiliquaepraealautia,itaut

132 470 211 538 sint;
228 467 347 523 numina
366 466 444 522 enirn
459 470 594 538 quatuor,
609 470 764 523 rosentem
782 482 841 521 una
851 468 904 521 est.
917 464 957 520 De
1015 466 1093 539 apud
1105 483 1158 522 nos
1168 483 1232 523 esse
1242 483 1295 522 suo
1310 463 1773 538 presentiluminevideretur.ln
1783 480 1839 537 qua

133 558 227 614 tertiis
235 572 302 612 vero
314 555 569 626 nltimieqnatuor‚
587 554 825 626 quemvisinlleo
836 553 913 610 idern
923 552 963 608 sit
1011 557 1109 610 tamen
1126 554 1210 611 nobis
1225 554 1321 611 adbnu
1336 552 1417 610 nulla
1432 553 1561 611 Trinitas
1577 553 1752 625 apparebat,
1774 552 1840 626 quie

129 650 246 720 justum
267 661 330 701 esse
348 644 425 716 qnod
446 643 568 712 bonum,
581 645 657 716 qnod
681 644 809 714 beatum,
824 643 962 714 idemque
1012 659 1069 699 non
1086 644 1121 699 nd
1133 659 1197 700 eam
1213 643 1435 715 querendamin
1447 640 1621 715 tulgoreillo
1633 642 1838 699 llrmammeu·

133 735 270 810 spiritum
281 749 346 790 esse
359 733 437 805 quod
444 733 562 805 justum
578 738 607 788 et
622 733 730 788 bonum
743 732 861 789 beatum
872 747 936 787 esse
952 746 960 787 ς
1012 730 1050 786 tis
1065 731 1156 788 aciem
1168 733 1358 789 tenebamus¹
1372 748 1379 786 ε
1393 735 1507 788 tautum
1532 730 1604 805 qnia
1626 747 1687 787 non
1713 734 1778 787 erat
1790 730 1838 787 ali·

133 831 231 882 tamen
249 822 318 896 quia
329 822 358 877 in
383 820 552 878 hominibus
568 826 663 894 potest
681 837 745 878 esse
765 821 887 893 spiritus
903 836 961 876 non
1011 836 1071 893 qua
1086 821 1187 889 moles,
1205 821 1255 877 nbi
1269 821 1347 878 aredi
1363 823 1508 894 oporteret
1523 818 1764 893 magnitudinem
1774 819 1839 877 duo·

132 915 346 985 beatus,poteet
357 909 777 982 ctjustusetbonusnondum
789 910 963 979 beatus;qui
1012 924 1078 964 rum
1088 909 1132 966 vel
1148 910 1237 966 trium
1255 907 1323 982 plus
1337 925 1402 966 esse
1416 925 1505 981 quam
1522 908 1623 976 unius,
1644 908 1837 965 cernebamus

131 1020 200 1063 vero
217 1004 321 1059 beatus
336 1004 390 1061 est.
402 1000 533 1072 porlecto
548 998 686 1070 etjustns
709 1002 737 1055 et
756 998 852 1054 bonus
862 1003 890 1054 et
900 997 960 1071 spi·
1012 1002 1182 1071 utcumque.
1198 999 1254 1055 Sed
1272 997 1322 1054 ubl
1336 1001 1453 1054 ventum
1468 1000 1513 1054 est
1526 997 1563 1054 ed
1578 995 1835 1069 charitatemque

132 1095 208 1151 ritus
218 1095 281 1150 est:
296 1090 350 1147 boo
361 1090 459 1162 potius
470 1087 614 1161 eligemus
634 1088 711 1160 quod
725 1103 777 1143 nec
788 1087 818 1144 in
831 1086 959 1143 bomini·
1012 1086 1042 1143 in
1056 1091 1159 1144 sancta
1173 1088 1323 1160 Scriptura
1341 1086 1419 1143 Deus
1434 1084 1513 1142 dicta
1523 1089 1568 1142 esi
1585 1086 1609 1157 (1
1629 1087 1713 1143 toan.
1730 1102 1769 1151 rr,
1785 1085 1835 1159 16),

130 1178 337 1240 buseeseeine
349 1176 512 1249 illithrlbue
529 1181 634 1249 potest,
646 1177 776 1248 quodest
790 1177 903 1233 beatus.
1010 1175 1263 1248 eluxitpaululum
1277 1174 1416 1243 Trinitas,
1432 1174 1463 1231 id
1486 1178 1540 1241 est,
1562 1190 1684 1240 amans,
1708 1177 1740 1230 at
1761 1175 1834 1246 quod

165 1269 280 1329 CAPUT
301 1269 347 1326 Vl.
364 1298 398 1310 -—
412 1266 439 1323 9.
456 1266 596 1338 Quomodo
607 1269 634 1322 ia
656 1268 715 1339 ipso
725 1267 899 1339 simplicitate
909 1266 959 1323 bat
1010 1268 1136 1333 ametur,
1152 1269 1181 1321 et
1196 1281 1287 1321 amor.
1301 1263 1358 1320 Sed
1375 1263 1445 1337 quia
1458 1263 1509 1320 lux
1523 1261 1571 1319 illa
1587 1261 1753 1319 ineffabilis
1771 1279 1834 1320 nos·

129 1363 167 1419 sit
177 1361 306 1418 Trinitas.
322 1366 367 1413 Aa
380 1360 407 1413 at
421 1354 554 1429 qaoraodo
563 1373 599 1412 ex
611 1358 773 1412 monstratis
782 1356 957 1413 trinitatibus
1008 1357 1086 1411 trum
1110 1354 1313 1411 reverberabat
1328 1353 1477 1425 obtutum,
1492 1356 1522 1409 et
1540 1354 1566 1409 ei
1593 1352 1731 1408 nondum
1753 1367 1835 1424 posse

129 1454 160 1508 in
168 1451 277 1508 tramine
288 1447 448 1505 ostendatur
458 1447 580 1503 Trinitas
595 1446 655 1502 liei.
671 1445 746 1500 Num
758 1445 866 1518 igiturt
887 1461 956 1502 oum
1008 1442 1203 1516 obtemperari
1218 1447 1324 1500 nostre
1336 1442 1445 1499 mentis
1459 1441 1586 1513 quodam
1603 1440 1696 1498 modo
1719 1441 1835 1497 convin-

129 1540 266 1605 dicimus,
277 1533 803 1607 AEternus,sapiens,beatus,barctria
813 1538 880 1590 sunt
891 1534 957 1592 Tri·
1007 1532 1128 1589 uebatur
1140 1532 1307 1600 infirmitas,
1318 1533 1354 1588 ad
1369 1530 1463 1604 ipsine
1478 1533 1585 1588 nostrie
1600 1529 1713 1587 mentis
1733 1546 1833 1587 secuu-

129 1630 217 1698 nitas,
230 1644 294 1700 quae
306 1624 471 1697 appellatur
481 1623 894 1695 Deusiltcdigimns³quidem
905 1623 955 1681 illa
1007 1621 1077 1676 dum
1093 1637 1181 1693 quam
1197 1620 1291 1677 lactus
1305 1625 1351 1678 est
1364 1619 1452 1677 bomo
1468 1620 1503 1675 ad
1518 1619 1680 1691 imaginem
1696 1618 1747 1675 Dei
1758 1618 1833 1689 (Gan.

128 1716 283 1774 duodecim
298 1715 327 1769 in
342 1713 427 1769 istam
440 1711 616 1785 paucitatem
628 1712 717 1767 trium
732 1728 739 1768 :
752 1713 802 1768 sed
820 1729 853 1768 eo
867 1714 953 1771 modo
1006 1727 1026 1779 1,
1043 1713 1099 1784 tt),
1123 1713 1204 1768 volnt
1223 1709 1441 1768 familiariorem
1468 1711 1749 1782 considerationem,
1769 1710 1833 1767 reli·

126 1805 414 1876 lorsilanpossumns
426 1801 587 1856 haeotriain
600 1818 691 1856 unum
703 1801 822 1874 aliquod
836 1803 951 1859 horum.
1005 1798 1113 1856 ciendae
1129 1800 1289 1857 laborantis
1305 1800 1476 1856 intentionis
1498 1815 1597 1868 cansa,
1615 1800 1694 1857 inter
1707 1804 1833 1873 caeptum

24 1926 28 1931 ·
126 1893 200 1950 Nam
214 1893 238 1950 si
251 1910 309 1948 una
319 1891 419 1947 eadem
436 1906 481 1945 res
493 1890 521 1944 in
533 1889 583 1946 Del
597 1895 701 1946 natura
720 1896 815 1963 potest
834 1909 898 1948 case
909 1908 954 1949 se·
1005 1888 1412 1962 dispositumquerelleximus
1422 1892 1466 1945 :et
1476 1889 1544 1945 indo
1557 1888 1588 1944 iu
1600 1889 1833 1961 creatura,quod

128 1981 238 2056 pientia
257 1986 285 2037 et
301 1980 441 2054 potentie,
457 1986 507 2035 aul
518 1980 577 2034 vita
596 1982 624 2034 et
639 1978 799 2050 sapientia3
827 1997 880 2036 our
894 1996 952 2036 non
1004 1996 1057 2035 nos
1070 1995 1184 2046 sumus,
1200 1977 1467 2045 ntinvisibiliallei,
1483 1992 1653 2050 pereequae
1664 1979 1835 2037 factasunt,

128 2072 406 2142 unaeademqueres
416 2085 480 2124 esse
493 2068 680 2141 possitinDei
691 2074 796 2124 natura
806 2070 953 2127 eternitas
1003 2068 1171 2140 conspicere
1186 2066 1333 2123 intellecta
1344 2083 1498 2138 possemus
1514 2066 1602 2139 (Rom.
1614 2084 1634 2135 r,
1650 2067 1710 2140 20),
1725 2067 1830 2124 immo·

126 2164 155 2218 et
175 2159 328 2232 sapientia,
337 2162 387 2214 aut
397 2157 546 2213 beatitudo
557 2161 586 2213 et
596 2157 762 2229 sapientia?
780 2162 819 2213 aa
832 2175 882 2230 per
897 2158 952 2216 boo
1002 2157 1057 2214 rati
1068 2173 1199 2213 enmusa
1225 2173 1302 2213 nono
1328 2156 1468 2228 usquead
1480 2156 1783 2229 quartumdecimum
1798 2156 1831 2213 li·

126 2249 204 2306 sicut
212 2248 284 2305 nihil
297 2247 436 2303 intererat
448 2250 547 2301 utrum
555 2244 605 2302 illa
615 2246 820 2313 duodecim,an
828 2247 886 2302 ista
896 2247 952 2304 tria
1003 2248 1100 2303 brnm.
1112 2247 1145 2302 lit
1155 2246 1288 2317 eccejam
1300 2249 1444 2318 quantum
1456 2260 1574 2301 necesse
1586 2243 1750 2314 iuerat‚aut
1760 2245 1831 2303 lorte

128 2339 303 2401 diceremus,
328 2336 446 2408 quando
462 2334 511 2390 illa
528 2333 621 2390 multa
635 2334 664 2389 in
681 2334 768 2389 istam
784 2334 952 2408 redegimus
1002 2334 1069 2409 plus
1082 2352 1171 2408 quam
1185 2351 1302 2391 necesse
1320 2335 1423 2402 luerat,
1437 2332 1633 2391 exercitatein
1645 2334 1833 2392 inferioribus

127 2423 571 2501 paucitatem;itanibilinterest
583 2422 807 2479 ulrnmtriaistn
819 2424 951 2481 dicamus
1002 2423 1206 2498 intelligentia,
1221 2424 1256 2479 ad
1266 2422 1594 2479 summamTrlnitatem
1605 2438 1673 2494 quie
1684 2423 1764 2480 Deus
1774 2428 1826 2493 est,

15 2548 18 2553 -
126 2515 248 2573 anillud
262 2530 354 2570 unum
376 2513 404 2568 in
424 2513 509 2584 cujus
522 2510 755 2583 singularitatem
773 2513 829 2569 duo
849 2520 951 2571 caetera
1002 2513 1238 2586 conspiciendam
1250 2529 1303 2569 nos
1321 2512 1432 2585 erigere
1450 2510 1597 2580 volumus,
1616 2512 1827 2571 neovalemus.

125 2604 262 2662 similiter
280 2601 371 2675 redigi
389 2617 475 2674 posse
492 2600 718 2657 monstravimus
729 2603 749 2656 ⁴.
766 2603 836 2668 Quis
852 2604 951 2676 itaque
1002 2605 1077 2660 Num
1088 2603 1167 2660 enim
1178 2601 1583 2659 sicutcertissimasvidemus
1597 2600 1762 2674 trinitates,
1775 2601 1830 2661 sivo

126 2692 294 2766 disputandi
306 2692 421 2757 modus,
431 2706 565 2762 quaenam
577 2690 694 2747 tandem
710 2692 754 2746 vis
768 2691 951 2765 intelligendi
1002 2691 1277 2765 quatorinseausda
1288 2689 1585 2762 rebuscorporalibus
1596 2690 1751 2760 llant,sive
1765 2708 1828 2749 cum

126 2786 214 2852 atque
231 2780 370 2853 potentia,
387 2796 452 2851 quae
473 2778 611 2834 vivacitas
632 2779 764 2848 rationis,
785 2797 849 2852 que
874 2781 951 2838 acies
1001 2784 1184 2855 eaipsaane
1196 2780 1358 2836 lorinsecus
1376 2794 1463 2835 sensa
1482 2783 1553 2835 sunt
1566 2780 1756 2851 cogitentur;
1773 2782 1828 2839 sira

124 2869 308 2944 cogitationis
319 2870 504 2934 ostendebat
517 2866 575 2923 elie
584 2870 646 2939 jam
662 2869 845 2935 taccam,hoo
857 2887 949 2927 unum
1001 2888 1067 2928 oum
1084 2870 1135 2926 illa
1153 2886 1217 2942 qne
1233 2869 1369 2926 oriuntur
1386 2867 1415 2923 in
1431 2868 1540 2933 animo,
1560 2883 1613 2924 neo
1629 2869 1780 2940 pertinent
1793 2870 1827 2927 ad

124 2960 203 3034 quod
216 2959 359 3032 sapientia
369 2958 477 3014 dicitur
489 2963 573 3024 Deus,
587 2958 734 3028 quomodo
746 2959 785 3015 sit
795 2959 951 3017 Trinitas?
1001 2960 1130 3033 corporis
1139 2975 1255 3025 sensus,
1265 2958 1343 3013 sicut
1354 2957 1436 3025 tides,
1450 2956 1529 3012 sicut
1539 2955 1664 3013 virtutes
1683 2964 1827 3029 quaesunt

124 3050 224 3121 Neque
244 3047 324 3103 enirn
339 3046 416 3102 elcut
440 3063 493 3101 nos
513 3046 548 3102 de
562 3044 611 3101 illo
627 3046 805 3118 percipimus
830 3049 949 3120 sapien·
999 3046 1291 3121 artesagendaevilie‚
1316 3045 1473 3101 manifesta
1488 3046 1601 3102 ratione
1622 3052 1827 3107 cernunturet

124 3136 253 3204 tiam,ita
264 3135 341 3191 Drus
355 3135 390 3190 de
400 3133 498 3205 aquuo
510 3150 517 3189 r
527 3134 577 3189 sed
592 3140 698 3191 snaest
714 3135 775 3207 ipse
788 3137 946 3208 sapientia;
998 3138 1110 3197 scentia
1124 3136 1328 3203 continentur;
1341 3134 1402 3192 sive
1417 3152 1484 3191 ourn
1499 3151 1582 3191 :nens
1593 3135 1661 3208 ipsa
1672 3153 1732 3209 qua
1747 3138 1826 3194 novi·

125 3225 263 3299 quianon
277 3227 322 3280 est
335 3222 413 3277 aliud
427 3221 569 3292 sapientia
579 3223 652 3292 ejus,
665 3221 745 3278 aliud
760 3226 947 3294 essentiacui
998 3244 1065 3284 rnus
1076 3225 1219 3299 quidquid
1236 3240 1323 3280 nosse
1333 3240 1388 3281 nos
1398 3222 1537 3281 veraciter
1554 3224 1695 3296 dicimus,
1706 3226 1765 3282 sibi
1779 3242 1824 3284 eo·

122 3313 178 3372 hoo
194 3316 238 3369 est
252 3329 317 3369 esse
332 3315 408 3384 qnod
419 3311 579 3383 sapientem
596 3325 669 3366 esse,
691 3311 803 3367 Dicitur
825 3314 944 3386 quidem
995 3318 1142 3391 galiaeni,
1156 3315 1240 3371 volae
1252 3313 1370 3386 cogitat,
1390 3312 1450 3370 sive
1461 3328 1529 3369 cum
1540 3313 1654 3386 aliquid
1671 3314 1824 3388 quodipsa

121 3403 152 3459 in
164 3400 320 3471 scripturis
332 3401 442 3456 sanctis
453 3399 587 3455 Christus
600 3399 648 3455 Dei
663 3399 766 3470 virtus,
782 3407 811 3457 et
829 3402 878 3458 Dei
896 3421 944 3460 sa·
995 3424 1053 3465 non
1064 3411 1109 3462 est
1123 3407 1264 3460 eternum
1285 3406 1374 3475 atque
1393 3400 1638 3459 incommutabile
1660 3405 1820 3476 conspicit:

120 3491 230 3564 pientia
245 3490 268 3563 (l
285 3489 344 3545 Cor.
361 3507 381 3557 1,
399 3488 446 3560 24)
462 3505 468 3544 :
486 3489 536 3544 sed
548 3489 795 3560 quomadmodum
807 3490 845 3546 sit
860 3491 941 3549 intel·
994 3513 1065 3552 num
1081 3510 1149 3568 ergo
1160 3493 1236 3550 sicut
1251 3492 1280 3547 in
1296 3490 1342 3547 his
1352 3491 1489 3548 omnibus
1500 3490 1822 3555 certissimaevidemns

121 3580 284 3654 ligandum,
301 3595 337 3634 ne
352 3582 466 3634 Patrem
479 3577 569 3633 Filius
585 3577 716 3634 rideatur
727 3579 942 3653 laceresapieu·
992 3585 1150 3651 trinitates,
1158 3582 1228 3655 quia
1238 3582 1268 3638 ln
1279 3579 1363 3637 nobis
1374 3581 1450 3636 liunt
1462 3580 1507 3638 vel
1522 3579 1553 3637 in
1564 3581 1651 3638 nubis
1661 3586 1745 3650 sunt,
1756 3598 1820 3639 cum

118 3674 190 3741 tom,
207 3669 236 3725 in
253 3668 328 3724 libro
344 3667 469 3740 septimo
487 3666 666 3739 disputatum
677 3672 720 3722 est
731 3667 807 3740 (Cap.
821 3670 898 3742 1·3l;
915 3676 944 3727 et
994 3674 1051 3730 ista
1062 3671 1261 3738 meminimus,
1281 3669 1454 3743 aspicimus,
1464 3668 1611 3736 volumus,
1626 3669 1670 3726 ita
1687 3670 1820 3728 videmus

118 3758 154 3815 ad
170 3758 225 3814 hoo
240 3757 313 3814 ratio
329 3756 470 3829 pervenit,
487 3760 518 3810 ut
534 3754 574 3811 sic
592 3755 630 3811 sit
646 3755 892 3829 Filinssapientio
907 3761 943 3816 de
993 3763 1082 3820 etiam
1105 3760 1278 3817 Trinitatem
1300 3758 1404 3830 Deum,
1425 3757 1495 3831 quia
1512 3762 1541 3814 et
1559 3757 1618 3813 illic
1633 3757 1820 3833 intelligendo

119 3846 274 3920 capientia,
288 3845 537 3918 quemadmodum
563 3842 662 3901 lumen
678 3845 713 3900 de
728 3844 849 3914 lumine,
869 3853 943 3904 Deus
994 3847 1506 3925 conspicimustanquamdioentem,
1522 3850 1551 3902 et
1566 3847 1691 3903 verbnm
1703 3849 1779 3920 ejus,
1793 3847 1820 3904 id

117 3936 153 3992 de
168 3936 236 3992 Deo.
252 3934 310 3990 Neo
325 3934 402 3989 aliud
420 3934 570 4005 potuimus
581 3933 710 3990 invenire
724 3935 866 4007 Spiritum
878 3954 944 3994 san·
993 3945 1049 4008 est,
1061 3941 1174 3996 Patrem
1184 3942 1212 3993 et
1223 3936 1421 4009 Filiumatqna
1431 3936 1499 3991 inde
1510 3936 1717 4010 procedentem
1729 3936 1820 3994 chari·

117 4027 215 4092 ctum,
241 4023 297 4078 nisi
323 4028 351 4078 et
367 4023 464 4094 ipsum
488 4039 553 4078 esse
581 4022 773 4095 sapientiam,
801 4029 830 4080 et
854 4025 943 4082 simul
993 4035 1082 4087 tatem
1105 4028 1220 4100 utrique
1244 4041 1441 4092 communem,
1456 4023 1570 4081 seilicet
1592 4024 1739 4097 Spiritum
1757 4042 1819 4082 san·

117 4129 220 4169 omnes
236 4125 325 4169 unam
343 4112 528 4184 sapientiam,
544 4110 620 4166 sient
636 4113 841 4181 ununrlteum,
853 4132 941 4173 unam
993 4119 1148 4175 ctnmiAn
1164 4115 1310 4171 trinitates
1332 4114 1450 4170 istasad
1463 4130 1569 4170 sensas
1586 4120 1706 4171 nostros
1727 4115 1772 4171 vel
1786 4114 1818 4171 ad

116 4201 288 4259 essentiam.
309 4200 389 4257 liano
404 4217 472 4273 ergo
494 4199 668 4272 sapientiam
685 4202 761 4272 quod
786 4206 831 4259 est
854 4203 941 4277 Dens,
993 4202 1819 4278 animumpertinentesvidemuepotiusquamoredimus,

116 4292 264 4364 quomodo
276 4289 470 4362 intelligimus
490 4304 554 4346 esse
570 4289 761 4345 Trinitatemi
784 4292 845 4348 Non
872 4293 941 4363 dixi,
993 4295 1085 4351 Deum
1100 4311 1166 4350 vero
1182 4308 1246 4349 esse
1255 4290 1428 4348 'trinitatem
1439 4292 1587 4348 oredimus
1609 4292 1712 4365 potius
1735 4308 1818 4367 quam

115 4380 266 4446 Quomodo
282 4378 451 4435 oredimus?
467 4394 536 4433 nam
552 4376 607 4433 hoo
623 4378 808 4437 interlideles
821 4399 878 4438 non
895 4384 943 4440 de·
992 4383 1227 4447 vidernusiouod
1238 4380 1818 4453 alitaest,proleotoantinrisibiliaelus,

114 4468 284 4524 bethabara
309 4468 520 4540 questionem:
537 4467 588 4523 sed
605 4466 629 4523 si
654 4467 752 4540 aliquo
776 4472 863 4527 ruodo
892 4488 944 4544 per
993 4488 1162 4547 parcaque
1174 4471 1340 4539 factasunt,
1353 4467 1816 4543 nullaintellectaconspicimus;

113 4555 338 4629 intelligentiam
350 4555 942 4633 possumusviderequodcredimus,quis
994 4567 1045 4619 aut
1065 4564 1090 4619 si
1110 4560 1170 4617 ulla
1193 4558 1402 4631 conspicimus,
1423 4574 1480 4615 nou
1497 4558 1528 4615 in
1552 4557 1595 4615 eis
1619 4560 1818 4633 conspicimus

114 4643 171 4701 isle
181 4644 236 4700 erit
248 4645 376 4701 modus?
993 4650 1179 4722 Trinitatem,
1191 4653 1219 4705 et
1233 4638 1345 4705 estillic
1354 4649 1431 4721 qnod
1443 4647 1673 4720 conspiciamus,
1686 4648 1818 4722 estquod

150 4733 230 4789 iusi
242 4733 320 4790 enim
331 4733 494 4790 recolamus
507 4734 554 4793 ubi
568 4735 835 4795 nostrointellectui
848 4755 941 4812 cnape-
993 4740 1080 4797 etiam
1092 4756 1151 4796 non
1172 4741 1361 4810 conspectum
1372 4737 1490 4794 credere
1511 4736 1684 4795 debeamus.
1699 4735 1818 4810 Conspi·

114 4823 152 4880 rit
163 4823 193 4879 in
204 4822 251 4878 bis
262 4822 346 4879 libris
356 4823 483 4879 Trinitas
499 4840 648 4896 apparere,
661 4830 781 4883 octavus
803 4830 940 4886 occurrit.
993 4845 1057 4887 aere
1072 4836 1168 4884 autom
1179 4843 1233 4882 nos
1248 4825 1432 4882 immutabile
1455 4826 1575 4893 bonnm,
1596 4825 1676 4897 quod
1692 4841 1748 4881 nos
1763 4842 1817 4882 non

115 4910 283 4985 lbiquippe,
295 4916 328 4967 ut
338 4911 689 4984 potuimue,disputando
701 4914 811 4988 erigere
821 4919 943 4974 tentavi·
992 4916 1194 4982 annualiter
1208 4920 1329 4971 octavus
1343 4915 1482 4983 ostendit,
1497 4919 1526 4971 et
1541 4914 1817 4986 quartusdecimus,

114 5018 184 5058 mus
211 5002 320 5057 montis
340 5000 533 5057 intentionem
555 5002 591 5056 ad
617 5001 836 5076 intelligendam
858 5007 940 5067 illam
991 5025 1059 5065 oum
1075 5008 1110 5063 de
1125 5005 1343 5077 sapientiaque
1355 5002 1467 5060 bomini
1488 5019 1522 5060 ex
1536 5008 1592 5060 beo
1616 5006 1662 5059 est
1685 5003 1817 5077 loquere·

115 5089 391 5163 prestantissimam
407 5088 682 5161 immutabilemque
697 5096 843 5167 naturam,
861 5099 940 5168 qnod
992 5114 1068 5164 mur,
1091 5095 1253 5152 admonuit.
1278 5094 1336 5150 Cur
1360 5093 1459 5166 itaque
1480 5093 1521 5151 ibi
1545 5109 1604 5149 non
1627 5094 1817 5166 agnoscimus

116 5183 308 5236 nostramens
319 5180 534 5244 nonest.0unm
546 5182 644 5234 tamen
656 5178 697 5234 siu
708 5179 941 5254 intuebamur,ut
990 5183 1185 5242 Trinitatem?
1208 5186 1250 5238 An
1266 5182 1327 5238 breo
1350 5182 1497 5255 sapientia
1519 5198 1583 5254 qua
1603 5185 1681 5238 Deus
1697 5181 1817 5247 dicitur,

116 5266 265 5343 aeolonge
275 5286 292 5325 a
304 5270 483 5340 nobisoeset,
494 5272 523 5325 ct
537 5284 627 5340 supra
639 5283 692 5324 nos
705 5274 852 5338 cssel,non
866 5272 940 5345 loco,
991 5291 1049 5330 non
1064 5289 1095 5329 se
1111 5270 1259 5344 intelligit,
1276 5286 1334 5328 non
1351 5288 1381 5328 se
1396 5269 1516 5344 diligiti
1536 5270 1607 5338 Quis
1622 5269 1679 5326 boo
1693 5268 1817 5327 dixerit?

991 5367 1050 5419 Aut
1075 5361 1142 5435 quis
1170 5365 1217 5417 est
1241 5360 1374 5433 quinon
1399 5359 1505 5429 videat,
1523 5359 1574 5416 nbi
1598 5357 1819 5417 nullaacientia

148 5462 158 5497 a
176 5462 267 5512 eiuras
280 5465 351 5523 pq„
366 5478 418 5514 aaa
433 5464 552 5530 equatio.
568 5463 672 5523 Melius,
695 5465 717 5514 ai
744 5470 836 5518 tamen
859 5483 940 5535 supra
990 5456 1045 5522 est,
1057 5450 1138 5508 nullo
1154 5449 1241 5506 modo
1251 5464 1316 5506 esse
1330 5447 1531 5523 sapientiem?
1551 5451 1609 5505 Aut
1628 5463 1697 5505 sero
1714 5452 1820 5521 putau-

115 5525 612 5655 Prgvlgtfflsfltqiptffiffiltffitguiffltzirb
624 5526 774 5593 equalitas.
990 5544 1061 5600 dum
1077 5544 1131 5610 oet,
1147 5538 1321 5611 sapientiam
1350 5555 1414 5612 qua
1438 5542 1514 5596 Dens
1542 5541 1598 5607 ost,
1614 5537 1690 5594 seim
1704 5536 1764 5595 alia
1789 5539 1819 5595 st

147 5645 214 5697 ag,
228 5647 266 5698 Lu
282 5623 312 5700 'g
323 5650 388 5702 vm,
403 5624 645 5716 11„„„„,3,·,„',„‚
723 5652 759 5709 p·
990 5629 1103 5691 nescire
1118 5644 1150 5686 se
1163 5626 1270 5701 ipsam,
1290 5624 1336 5683 vel
1359 5622 1483 5700 diligero
1497 5623 1557 5686 alia
1578 5640 1633 5686 neo
1648 5623 1774 5703 diligere
1787 5639 1820 5689 tt

146 5707 263 5765 *Plures
301 5726 346 5765 aa.
363 5715 570 5769 memorautmar.
1022 5712 1429 5789 emmerammianos.
