3908 6128
165 302 207 365 35
711 294 762 354 ut}
784 290 1028 369 uAEuustttUS,
1051 290 1086 353 S.
1107 292 1324 357 aucusttttt
1828 296 1871 358 36

166 431 247 507 operi
262 430 351 489 nimis
367 429 485 501 longum
502 428 555 481 eat.
571 424 611 479 nx
626 424 673 480 his
689 427 786 481 autem
803 425 866 481 suis
882 419 990 480 tabulis
1044 422 1170 496 oasione,
1183 424 1228 481 vel
1243 424 1343 497 potius
1358 424 1545 481 exsecrabilis
1559 424 1777 498 superstitionis
1792 442 1868 499 qua.

164 520 249 579 vanis
263 524 351 591 atque
367 516 468 589 impiis
482 518 628 587 coguntur
642 512 747 583 dicere,
760 512 874 570 animas
885 512 988 580 bonas,
1044 512 1112 569 dam
1136 512 1321 586 necessitate,
1336 519 1481 587 coguntur
1495 514 1584 571 illecti
1600 531 1701 572 eorum
1724 515 1804 573 velut
1817 532 1868 573 en-

165 626 241 684 quas
254 610 376 665 censent
390 605 427 660 ab
441 603 607 659 animarum
623 600 768 658 malarum
784 605 896 658 nature
911 598 988 656 scili·
1040 599 1211 657 charistiam
1234 618 1427 675 conspersam
1442 619 1508 659 cum
1533 604 1648 661 semine
1672 604 1801 661 humano
1817 622 1869 662 su·

163 702 210 756 cet
224 695 377 754 contrariae
391 692 598 749 commixtione
625 689 803 758 liberandae,
820 690 884 761 ejus
900 690 987 761 cnjus
1039 704 1128 757 mere,
1145 694 1179 746 ut
1192 690 1279 747 etiam
1295 692 1372 757 inde,
1388 693 1465 748 sicut
1478 693 1515 748 de
1529 691 1596 749 aliis
1611 693 1686 750 cibis
1700 710 1776 765 quos
1791 693 1867 751 acci·

165 786 242 844 Deus
257 794 299 843 cst
319 800 383 839 esse
398 788 519 837 naturae.
542 780 666 837 Proinde
681 780 826 836 mundum
843 796 860 833 a
881 782 987 835 natura
1039 777 1136 849 piunt,
1152 780 1318 836 substantia
1337 780 1388 838 illa
1403 780 1501 837 divina
1526 785 1677 854 purgetur.
1694 782 1749 839 Sed
1766 782 1821 839 hoc
1836 800 1869 841 aa

163 874 214 931 Dei
236 874 356 935 lactum,
372 870 548 927 conlltentur
570 869 700 942 quidem,
716 870 767 923 sed
792 868 828 923 de
843 866 984 923 commix-
1038 863 1132 923 lacere
1146 872 1262 941 negant,
1278 873 1308 927 et
1318 869 1392 926 alios
1406 871 1503 926 nescio
1514 887 1588 942 quos
1604 872 1659 927 sub
1674 874 1793 929 nomine
1808 877 1868 930 ug.

49 964 57 977 '
162 964 241 1019 tione
257 960 326 1018 boni
340 964 369 1016 et
383 958 464 1026 mali,
481 975 545 1030 que
570 958 646 1015 lacta
660 962 715 1029 est,
731 957 849 1029 quando
864 956 939 1012 inter
953 972 984 1012 se
1037 954 1215 1013 nichteorum
1237 958 1331 1014 lacere
1355 958 1514 1015 affirmant.
1540 959 1650 1015 Detecti
1667 966 1739 1017 sunt
1763 964 1865 1019 tomen

161 1056 286 1122 utraque
300 1054 405 1105 natura
429 1046 577 1120 pugnavit.
598 1048 696 1120 Ipsam
711 1062 777 1103 vero
791 1046 860 1103 boni
873 1063 891 1102 a
906 1043 983 1101 malo
1035 1043 1064 1099 in
1079 1045 1213 1119 eeclesia,
1229 1046 1305 1103 sicut
1326 1047 1396 1115 scia,
1422 1049 1499 1121 apud
1517 1048 1736 1122 Carthaginem,
1749 1050 1812 1121 J'am
1835 1054 1865 1109 te

157 1140 360 1213 purgationem
387 1154 420 1194 ao
444 1136 659 1203 liberationem,
675 1152 732 1192 non
748 1134 844 1191 solum
871 1137 980 1207 perto·
1034 1132 1075 1189 ibi
1099 1135 1222 1194 diacono
1246 1136 1414 1208 constituto,
1431 1139 1549 1210 quando
1571 1137 1700 1195 instante
1725 1140 1863 1197 tirsotri-

153 1232 218 1287 tum
232 1228 376 1284 mundum
392 1231 421 1283 et
437 1226 473 1281 de
488 1224 628 1282 omnibus
643 1225 707 1297 ejus
722 1224 874 1281 elementis
889 1223 980 1279 virtu-
1033 1222 1123 1289 buno,
1139 1224 1190 1295 qui
1204 1228 1276 1283 tuno
1290 1226 1391 1283 domui
1406 1226 1493 1300 regie
1505 1226 1631 1299 profuit,
1644 1226 1735 1300 aliqui
1751 1228 1861 1285 adduc·

151 1322 197 1376 tes
210 1318 276 1375 llei¹
292 1317 386 1373 lacere
410 1316 522 1382 dicunt,
539 1331 639 1371 verum
660 1315 749 1371 etiam
774 1312 887 1371 Eiectos
911 1329 981 1370 suos
1032 1311 1054 1366 ti
1070 1316 1141 1369 sunt
1155 1313 1215 1385 (a):
1232 1314 1281 1370 ubi
1298 1314 1395 1387 puella
1407 1314 1526 1373 nomine
1541 1315 1698 1389 Margarita
1709 1316 1798 1373 istem
1810 1332 1862 1375 ne-

149 1422 202 1480 per
215 1406 358 1463 alimenta
374 1421 438 1479 que
453 1408 586 1461 sumunt.
598 1404 685 1460 liteis
696 1402 804 1476 quippe
818 1402 978 1469 alimentis,
1032 1400 1136 1458 loriam
1151 1403 1362 1474 turpitudinem
1379 1405 1519 1476 prodidit,
1535 1419 1600 1475 que
1628 1420 1695 1461 cum
1712 1410 1791 1462 esset
1806 1422 1862 1463 an-

147 1498 225 1553 sicut
244 1496 378 1552 universo
397 1495 519 1559 mundo,
537 1492 585 1549 t)ei
609 1492 809 1549 substantiam
825 1492 980 1564 perhibent
1032 1506 1136 1546 norum
1152 1493 1285 1548 nondum
1303 1493 1469 1561 duodecim,
1486 1499 1604 1566 propter
1617 1494 1674 1551 hoc
1698 1495 1857 1552 scelestum

148 1602 216 1643 esee
230 1584 421 1642 commixtam
438 1600 444 1637 :
462 1598 551 1655 quam
567 1580 688 1654 purgari
703 1586 808 1652 putant
827 1580 855 1635 in
871 1580 978 1637 illectis
1031 1579 1203 1652 mysterium
1218 1598 1249 1637 ee
1270 1580 1386 1638 dicebat
1400 1599 1466 1638 esse
1488 1583 1618 1639 vitiatam
1632 1586 1652 1639 ¹.
1671 1584 1755 1640 Tunc
1770 1584 1859 1643 liuse-

151 1669 975 1747 suiseogenerevitequevivuntltlectiblanicbaeorum,
1028 1669 1108 1724 biam
1133 1670 1292 1741 quamdam
1320 1672 1512 1727 manicheum
1536 1673 1622 1743 quasi
1647 1672 1857 1731 sanctimonia·

150 1763 232 1820 velut
245 1764 413 1819 sanctiuset
423 1759 890 1817 excellentiusAuditoribussuis.
903 1758 976 1814 Nam
1028 1757 1097 1823 lem,
1113 1755 1243 1831 idipsum
1259 1764 1378 1832 propter
1392 1759 1447 1816 hoc
1460 1760 1557 1833 ipsum
1573 1776 1702 1833 passam,
1715 1762 1760 1817 vis
1776 1780 1855 1819 com-

152 1850 200 1909 his
225 1852 341 1907 duabus
365 1849 609 1923 professionibus,
625 1848 680 1905 hoc
703 1852 748 1905 est
767 1848 932 1904 Electorum
947 1851 976 1904 et
1028 1845 1103 1919 pulit
1118 1848 1260 1919 conliteri,
1275 1865 1342 1904 oum
1364 1849 1458 1922 primo
1472 1848 1523 1906 illa
1544 1864 1576 1905 ee
1591 1851 1766 1907 asseruisset
1781 1851 1855 1908 inte·

149 1939 501 2005 AuditorumAEcclesiam
517 1955 602 1995 suam
618 1942 752 1995 constare
766 1937 930 1994 voluerunt.
943 1936 974 1992 ln
1026 1941 1220 2009 gram,atque
1234 1938 1270 1994 ab
1285 1937 1442 1994 obstetrice
1456 1937 1562 2011 inspici
1578 1939 1774 2011 postulasset:
1789 1957 1855 2012 que

44 2038 47 2043 '
148 2030 260 2087 caeteris
275 2034 372 2085 autem
388 2028 570 2093 hominibus,
587 2027 675 2083 etiam
688 2026 718 2082 in
734 2026 808 2098 ipsis
823 2025 974 2082 Auditcri·
1027 2024 1169 2097 inspecta,
1186 2030 1215 2083 et
1237 2026 1307 2099 quid
1331 2031 1409 2083 esset
1433 2028 1562 2095 inventa,
1578 2032 1672 2085 totum
1698 2028 1770 2084 illud
1791 2032 1851 2086 tur·

146 2118 202 2176 bns
216 2120 290 2187 suis,
306 2118 381 2174 hanc
395 2122 508 2190 partem
521 2116 604 2173 bonae
620 2116 785 2189 divinaque
801 2114 973 2171 substantie
1026 2115 1183 2188 pissimum
1208 2115 1316 2185 scelus,
1332 2116 1381 2172 ubi
1394 2118 1430 2172 ad
1442 2117 1646 2190 excipiendum
1662 2123 1690 2174 et
1714 2119 1853 2175 commis·

146 2225 211 2282 qus
227 2208 318 2264 mixta
331 2210 361 2263 et
384 2206 521 2279 colligate
535 2206 565 2261 in
580 2205 657 2262 escis
682 2209 711 2261 et
726 2204 845 2277 potibus
860 2204 973 2260 detine·
1025 2204 1151 2260 cendum
1161 2204 1419 2261 concumbentium
1431 2221 1530 2261 semen
1546 2206 1639 2261 lerina
1650 2206 1854 2264 substernitur

147 2302 207 2369 tur,
225 2296 410 2369 maximeque
423 2296 453 2351 in
469 2294 511 2351 eis
534 2294 583 2367 qui
599 2298 740 2366 generant
761 2293 848 2359 filios,
864 2294 972 2349 arctius
1023 2292 1114 2365 (quod
1135 2294 1292 2366 Margarita
1316 2293 1465 2351 indicante
1490 2295 1598 2352 absens
1612 2311 1669 2351 non
1697 2296 1852 2369 audierat),

148 2385 366 2459 etinqninatius
376 2383 506 2457 colligari
523 2382 792 2457 putant.0uidquid
803 2398 870 2438 vero
885 2382 971 2438 undi·
1023 2382 1162 2439 similiter
1176 2383 1326 2439 indicavit.
1342 2384 1498 2439 simoenti
1514 2388 1643 2457 tempore
1658 2384 1790 2441 nonnulli
1806 2402 1854 2443 eo·

147 2490 204 2549 que
226 2480 370 2548 purgatur
392 2474 524 2541 luminis,
541 2488 592 2545 per
615 2472 759 2545 quasdam
782 2486 881 2542 naves,
897 2487 971 2542 quas
1021 2487 1087 2528 rum
1114 2472 1232 2544 reperti,
1257 2476 1287 2527 et
1310 2472 1346 2528 ad
1372 2473 1523 2529 ecclesiam
1549 2474 1639 2541 ducti,
1662 2474 1740 2530 sicut
1762 2474 1852 2532 Gesta

146 2580 212 2621 esse
232 2563 333 2620 lunam
349 2567 377 2619 et
396 2561 488 2619 solem
512 2562 623 2631 volunt,
641 2576 729 2633 regno
753 2560 815 2631 Dei,
830 2563 970 2632 tanquam
1022 2560 1204 2635 episcopalia
1218 2578 1282 2633 quae
1294 2561 1378 2618 nobis
1394 2560 1517 2618 misistis
1531 2563 1700 2633 ostendunt,
1716 2562 1772 2619 hoc
1790 2580 1849 2621 non

146 2650 272 2726 propriis
287 2650 406 2707 sedibus
421 2649 514 2706 reddi.
534 2649 612 2712 uuas
627 2648 728 2704 itidem
745 2662 831 2705 naves
848 2648 883 2705 de
898 2649 969 2704 sub·
1021 2655 1252 2721 sacramentum,
1272 2650 1322 2707 scd
1347 2656 1611 2719 exsecramentum,
1633 2652 1688 2707 sub
1712 2651 1848 2725 diligenti

145 2741 255 2797 euntia
275 2739 321 2795 liei
345 2756 419 2813 pura
442 2737 596 2811 perhibent
611 2738 778 2794 labricatae.
802 2738 969 2810 Lucemque
1019 2738 1246 2812 interrogatione
1267 2738 1394 2796 conlesei
1421 2744 1491 2796 sunt
1511 2758 1519 2796 t
1542 2756 1667 2811 quorum
1691 2757 1769 2797 unus
1792 2758 1846 2798 no·

44 2866 47 2871 -
144 2830 233 2887 istam
261 2844 430 2903 corpoream
459 2826 655 2884 animantium
680 2827 850 2883 mortalium
874 2826 967 2883 oculis
1019 2827 1099 2885 mine
1113 2828 1224 2895 Viator,
1237 2844 1287 2885 eos
1301 2828 1351 2901 qui
1367 2828 1424 2886 ista
1439 2829 1551 2886 iaciunt
1566 2829 1681 2903 proprie
1695 2830 1843 2887 catharis-

145 2918 338 2991 adjacentem,
354 2934 412 2973 non
438 2915 533 2973 solum
557 2916 587 2971 in
612 2916 660 2972 his
681 2916 814 2987 navibus,
827 2916 879 2972 nbi
901 2931 966 2972 eam
1017 2918 1086 2974 taa¹
1101 2916 1197 2974 vocari
1221 2917 1330 2985 dicens,
1347 2934 1414 2973 cum
1429 2917 1502 2974 alias
1526 2919 1659 2989 ejusdem
1676 2919 1841 2976 manichaee

143 3008 335 3080 purissimam
348 3007 482 3077 credunt,
498 3021 599 3061 verum
616 3004 704 3061 etiam
720 3004 749 3060 in
765 3004 831 3061 eliis
846 3004 967 3077 quibus·
1017 3010 1102 3062 secte
1112 3006 1402 3079 partesintlattarios
1413 3008 1841 3079 ⁸,etspecialiterltlanicbeos,

143 3112 201 3169 que
215 3095 320 3152 lucidis
336 3096 434 3163 rebus,
450 3094 500 3149 ubi
516 3094 678 3151 secundum
694 3093 773 3166 ipsos
787 3097 904 3150 tenetur
917 3095 966 3150 ad·
1017 3094 1154 3151 distribui
1169 3094 1345 3167 perbiberet,
1357 3110 1459 3151 omnes
1473 3099 1573 3151 tamen
1589 3096 1641 3153 bas
1657 3102 1716 3153 tres
1731 3096 1842 3154 lormas

143 3184 244 3257 mixta,
260 3185 446 3257 crediturque
461 3184 624 3256 purganda,
644 3183 692 3239 bei
716 3184 819 3239 dicunt
832 3199 898 3239 ease
913 3200 965 3240 na·
1017 3183 1054 3240 eb
1068 3200 1127 3240 uno
1154 3188 1271 3240 auctore
1293 3188 1480 3257 propagatas,
1495 3189 1523 3241 et
1543 3201 1646 3241 omnes
1669 3185 1845 3258 generaliter

141 3278 250 3331 turam.
282 3274 415 3345 Quinque
439 3272 517 3329 enim
540 3271 685 3330 elementa
713 3290 776 3345 quae
799 3277 966 3345 genuerunt
1016 3272 1192 3329 manicheos
1207 3287 1282 3339 esse,
1298 3288 1405 3345 negare
1419 3289 1477 3328 non
1492 3273 1597 3343 potuit.
1611 3273 1647 3329 ttt
1661 3278 1737 3330 certe
1753 3274 1795 3330 illi
1811 3274 1845 3332 li·

142 3364 289 3437 principes
317 3362 461 3436 preprios,
491 3363 570 3435 genti
592 3361 726 3418 tribuunt
749 3362 938 3419 tenebrarum
955 3377 963 3418 t
1016 3362 1060 3417 bri
1076 3361 1229 3417 manichei
1244 3365 1313 3417 sunt
1328 3362 1467 3417 omnibus
1486 3362 1550 3419 sine
1565 3362 1747 3419 dubitatione
1762 3379 1843 3421 com·

140 3466 233 3525 eaque
246 3450 391 3507 elementa
401 3450 447 3507 his
463 3450 633 3507 nominibus
644 3454 826 3523 nuncupent,
837 3452 963 3523 lunium,
1015 3466 1132 3517 munes,
1147 3451 1177 3506 in
1192 3450 1301 3522 quibus
1316 3450 1398 3507 libris
1414 3450 1465 3507 illa
1479 3454 1612 3524 portenta
1627 3452 1662 3507 ad
1678 3450 1843 3509 illiciendos

140 3540 289 3607 tenebras,
312 3540 422 3613 ignem,
447 3556 565 3612 aquam,
589 3544 719 3596 rentum.
738 3542 766 3596 ln
792 3542 872 3598 lumo
896 3546 965 3598 nata
1014 3544 1044 3597 et
1058 3556 1110 3613 per
1123 3539 1389 3611 concupiscentiam
1406 3538 1607 3597 dissolvendos
1625 3539 1779 3613 utriusque
1794 3558 1841 3598 se-

140 3628 282 3689 animalia
297 3629 422 3702 bipedia,
439 3630 516 3686 unde
531 3630 666 3686 homines
689 3630 795 3687 ducere
819 3631 962 3703 originem
1014 3646 1069 3687 xus
1094 3628 1240 3702 principes
1262 3628 1460 3695 tenebrarum,
1482 3632 1516 3685 ut
1538 3627 1662 3685 liberata
1685 3629 1780 3701 fugiat
1804 3630 1842 3687 ab

37 3762 41 3772 .
82 3708 87 3718 ¹
137 3723 277 3787 censent3
294 3720 322 3773 in
340 3719 479 3785 tenebris,
502 3720 713 3791 serpentia;in
739 3719 815 3793 igne,
832 3720 962 3793 quadru-
1013 3720 1066 3789 ets,
1082 3734 1146 3791 que
1162 3717 1841 3789 captivatetenebaturineisdivinateubetan-

136 3808 238 3883 pedia;
255 3808 285 3864 in
302 3806 399 3881 aquis,
423 3808 573 3875 natatilia;
587 3808 618 3864 in
644 3812 739 3867 vento.
755 3808 893 3866 volatilia.
911 3809 962 3867 llis
1013 3808 1064 3877 tia,
1081 3808 1117 3863 de
1141 3805 1341 3863 masculorum
1365 3806 1395 3861 in
1412 3806 1537 3863 seminas
1561 3810 1590 3862 et
1612 3806 1788 3863 feminarum
1808 3807 1840 3863 in

136 3898 267 3972 quinque
282 3897 437 3954 elementis
453 3896 540 3953 malis
563 3897 746 3954 debellandis
761 3896 962 3971 alloquioque
1013 3896 1163 3953 masculos
1186 3895 1447 3969 transfiguratione
1471 3896 1637 3968 conscripta
1657 3900 1737 3967 sunt,
1761 3897 1839 3953 unde

137 3984 282 4043 elementa
297 3986 332 4041 de
347 4001 435 4057 regno
450 3990 479 4040 et
493 3985 659 4041 substantia
674 3986 723 4042 Dei
740 3986 831 4043 missa
845 4002 920 4057 esse,
933 3991 962 4044 et
1012 3986 1079 4055 ieta,
1094 4001 1182 4057 quam
1197 3984 1321 4056 quilibet
1332 4000 1433 4040 eorum
1449 3985 1621 4057 negant‘ad
1637 3985 1838 4056 sepertinere,

136 4072 167 4130 in
183 4073 236 4131 ille
249 4091 349 4149 pugna
361 4074 451 4131 luisse
466 4075 631 4147 permixta;
647 4075 728 4131 lumo
744 4092 820 4143 acra,
832 4077 960 4134 tenebris
1012 4074 1164 4148 turpitudo
1179 4074 1309 4130 delluxit.
1322 4073 1439 4129 Divinas
1449 4073 1528 4129 enim
1544 4073 1675 4140 virtutes,
1692 4078 1836 4146 quantum

137 4162 244 4235 lucem,
257 4162 316 4235 igni
332 4162 516 4237 maloignem
531 4164 743 4237 bonum,aqute
758 4164 841 4221 male
852 4182 959 4239 aquam
1012 4168 1146 4238 possunt,
1158 4162 1267 4219 imitari
1282 4178 1314 4219 se
1328 4166 1445 4235 putant,
1457 4166 1490 4218 ut
1503 4168 1628 4235 purgent
1643 4163 1693 4218 liei
1707 4162 1752 4219 eni
1770 4179 1837 4234 par-

137 4251 257 4323 bonam,
273 4257 358 4310 vento
373 4252 451 4309 malo
474 4258 593 4310 ventum
610 4254 729 4311 bonum.
745 4254 838 4311 Naves
861 4260 960 4313 autcm
1011 4257 1071 4311 tem
1087 4270 1094 4309 ι
1111 4268 1201 4326 quam
1216 4252 1355 4325 prolecto,
1372 4251 1451 4307 sicut
1463 4252 1494 4307 in
1509 4251 1648 4307 omnibus
1664 4252 1838 4324 corporibus

136 4338 213 4413 illae,
229 4340 256 4397 id
274 4346 329 4409 est,
349 4342 407 4398 duo
424 4340 489 4398 omli
515 4341 682 4415 luminaria,
698 4341 738 4399 ita
762 4343 960 4417 distinguunt,
1012 4342 1180 4399 celestibus
1190 4345 1218 4397 et
1232 4340 1432 4407 terrestribus,
1442 4344 1530 4412 atque
1546 4340 1576 4395 in
1592 4340 1727 4396 omnium
1739 4357 1837 4397 rerum

136 4434 170 4487 ut
184 4428 283 4485 lunam
298 4430 398 4487 dicant
413 4430 519 4487 lectam
535 4448 569 4488 ex
593 4431 670 4487 bona
684 4447 770 4504 aqua,
786 4431 879 4489 solem
894 4448 960 4491 vero
1012 4430 1186 4497 seminibus,
1203 4430 1242 4486 ita
1258 4433 1287 4485 et
1301 4428 1329 4485 in
1346 4429 1475 4487 hominis
1499 4430 1610 4486 semine
1626 4430 1718 4485 teneri
1734 4429 1839 4485 existi·

136 4534 173 4575 ex
184 4515 254 4581 iane
269 4519 355 4576 beno.
382 4519 452 4576 ltsse
467 4524 564 4575 autem
583 4519 612 4575 in
637 4521 680 4575 eis
695 4521 818 4577 navibus
843 4527 960 4580 sanctas
1012 4524 1095 4577 mant
1117 4519 1312 4591 inquinatam.
1327 4520 1367 4574 Ac
1382 4535 1434 4591 per
1454 4518 1508 4574 hoo
1524 4518 1660 4591 sequitur
1673 4534 1733 4586 eos,
1750 4522 1783 4573 ut
1794 4520 1837 4575 sic

136 4606 271 4673 virtutes,
288 4624 352 4679 quae
366 4623 398 4663 se
412 4607 442 4663 in
458 4608 606 4664 masculos
621 4609 842 4682 transfigurant,
858 4616 891 4667 ut
905 4610 961 4667 illi·
1011 4627 1076 4668 eam
1092 4610 1180 4667 etiam
1195 4609 1358 4667 desemine
1379 4609 1519 4677 humano,
1536 4608 1786 4680 quemadmodum
1801 4609 1837 4665 de

137 4695 218 4753 ciant
233 4696 357 4753 tornines
380 4697 477 4770 gentis
492 4697 630 4768 adversae,
645 4704 674 4754 et
698 4714 801 4755 turcus
826 4699 856 4756 in
876 4699 959 4758 femi·
1011 4700 1078 4757 aliis
1092 4698 1257 4756 seminibus
1271 4715 1335 4770 que
1350 4697 1380 4753 in
1396 4697 1545 4754 alimentis
1561 4702 1694 4765 sumunt,
1710 4695 1838 4754 debeant

136 4802 201 4857 nas,
218 4789 250 4841 ut
270 4783 393 4841 illiciant
417 4784 565 4843 masculos
589 4787 722 4857 ejusdem
745 4788 843 4861 gentis
858 4791 960 4848 adver·
1011 4788 1216 4846 manducando
1239 4802 1374 4859 purgare.
1392 4785 1473 4843 Unde
1494 4786 1582 4843 etiam
1599 4784 1768 4844 catharistae
1783 4802 1837 4859 ap-

135 4874 214 4943 ete¹3
230 4879 259 4930 et
274 4891 326 4946 por
340 4874 416 4931 hanc
431 4874 597 4933 illecebram
612 4880 760 4933 commota
774 4892 875 4934 eorum
888 4896 961 4937 con·
1011 4876 1167 4952 pellantur,
1184 4875 1269 4948 quasi
1294 4880 1476 4948 purgatores,
1493 4878 1575 4931 tanta
1590 4892 1654 4932 eam
1677 4878 1836 4948 purgantes

135 4962 317 5037 cupiscentin
340 4964 433 5038 lugiet
454 4965 490 5021 de
505 4964 563 5021 illie
586 4964 697 5037 lumen,
719 4968 797 5039 quod
818 4970 960 5027 membris
1010 4962 1173 5039 diligentia,
1203 4966 1236 5020 ut
1259 4980 1290 5020 se
1310 4979 1363 5020 neo
1386 4964 1422 5021 ab
1449 4964 1503 5022 hac
1527 4969 1586 5021 tam
1612 4963 1759 5020 horrenda
1777 4962 1836 5020 cibi

136 5052 199 5109 suis
220 5054 397 5125 permixtum
420 5054 569 5126 tenebant,
594 5059 624 5110 et
649 5056 835 5127 purgandum
862 5058 960 5115 susci·
1010 5052 1194 5127 turpitudine
1209 5052 1385 5109 abstineant.
1405 5053 1463 5109 Neo
1476 5056 1636 5110 vescuntur
1657 5057 1755 5110 tumen
1771 5068 1835 5109 car-

136 5140 235 5214 piatur
249 5144 285 5197 ali
300 5140 412 5216 angelis
427 5141 511 5211 lucis,
528 5148 748 5216 purgatumque
762 5144 821 5202 illis
836 5146 960 5205 navibus
1043 5172 1051 5207 ι
1067 5169 1110 5220 stc
1122 5168 1186 5219 affl,
1200 5167 1269 5219 Eam
1281 5173 1370 5219 aurem
1385 5168 1494 5225 habena,
1509 5168 1642 5219 proraiam,

136 5228 306 5303 imponatur
321 5232 357 5287 ad
371 5246 461 5303 regna
477 5231 594 5303 propria
608 5233 824 5303 reportandum,
836 5235 899 5301 Qua
913 5254 960 5293 00.
1042 5232 1053 5268 ἱ
1067 5232 1114 5281 llic
1129 5232 1194 5281 editi
1209 5230 1320 5293 addunt,
1335 5232 1365 5280 id
1376 5235 1414 5282 est
1428 5232 1593 5282 nuntiatores
1607 5231 1648 5281 uel
1657 5232 1821 5295 perpeteris.

1041 5295 1144 5355 ⁸tiditi,
1160 5294 1395 5357 decertantium
1411 5300 1528 5345 erratum
1543 5299 1651 5345 secutus
1665 5296 1707 5345 eat
1716 5290 1836 5343 Sirmon·

170 5356 178 5391 ¹
193 5354 272 5409 Editl.
288 5356 407 5427 uirtutem
421 5358 475 5409 Dei.
491 5358 584 5409 lleliue
598 5357 670 5415 lise,
687 5358 793 5407 virtutes
809 5359 877 5409 liei:
892 5376 958 5427 quaa
1010 5355 1061 5408 dut
1076 5358 1101 5406 in
1113 5371 1163 5407 suo
1173 5356 1364 5407 l‘raedestinato
1377 5372 1384 5419 ;
1399 5372 1555 5421 quanquam
1568 5358 1702 5421 Augieuee
1712 5356 1837 5421 ejusdem

136 5416 262 5467 nimirum
279 5419 357 5491 'intra
378 5421 517 5471 Manichaei
531 5420 624 5470 dicunt
647 5434 705 5469 esse
722 5420 751 5469 in
777 5426 831 5473 sote
844 5428 872 5474 et
894 5425 960 5476 luna
1010 5420 1197 5471 Praetteetinati
1212 5420 1344 5481 exemplar
1357 5422 1475 5493 praeteri,
1491 5420 1636 5469 ltuttorios.
1651 5417 1693 5468 Sic
1707 5433 1772 5469 vero
1786 5418 1836 5469 ha-

134 5482 181 5529 tau
203 5491 264 5530 aaut
277 5493 305 5529 rn
319 5481 424 5531 duabus
438 5497 466 5535 n:
476 5484 555 5533 vibus
564 5484 666 5531 rnnclca
682 5482 798 5532 uirtutes.
809 5486 960 5539 coneordat
1009 5482 1075 5533 beni
1088 5482 1132 5532 hic
1146 5482 1227 5531 etiam
1250 5482 1392 5546 Augustini
1407 5482 1470 5533 bles.
1485 5496 1589 5533 omnes.
1612 5482 1712 5543 Nempe
1731 5482 1794 5546 qnia
1807 5480 1836 5531 ln

132 5538 162 5592 ln
211 5542 315 5605 ugieusi
332 5546 478 5605 enenrplari
492 5551 569 5595 aetus
592 5546 636 5595 ille
659 5544 693 5595 de
710 5545 862 5597 llaeresibus
883 5550 959 5611 liber,
1010 5546 1100 5595 utaattia
1115 5544 1261 5603 dormiant,
1272 5544 1386 5595 liettarii
1402 5544 1579 5609 appellantur,
1591 5560 1623 5594 aa
1638 5544 1707 5595 libro
1719 5548 1733 5596 5
1743 5548 1837 5595 contra

133 5616 214 5717 amm
237 5606 322 5655 indito
344 5608 452 5655 nomine
474 5609 656 5659 Paradeetinati
682 5607 827 5671 publicavit
843 5612 959 5664 lacobus
1010 5608 1149 5663 Faustum.
1165 5621 1224 5669 cap.
1239 5611 1263 5657 5·

154 5666 311 5730 irmoudua;
326 5670 371 5731 qui
386 5676 477 5718 tamen
492 5669 539 5719 boc
553 5669 610 5722 loco
624 5671 745 5720 uirtutem
761 5670 809 5721 Dei
821 5674 914 5724 edidit.
1041 5670 1105 5718 tlta
1126 5668 1246 5719 i'eticaui
1270 5668 1323 5719 duo
1346 5669 1410 5721 litas.
1432 5670 1467 5721 ut
1487 5668 1562 5731 editi,
1577 5668 1645 5719 uude
1666 5668 1717 5719 isto
1737 5680 1835 5731 eorum,

167 5728 256 5781 'ileo
279 5744 343 5794 pare
358 5732 510 5789 mutentie,
523 5736 549 5782 et
570 5746 660 5783 rursus
664 5766 713 5783 .....
729 5734 814 5796 gentis
835 5734 958 5799 aduersa,
1009 5728 1151 5799 permittet
1162 5732 1270 5796 negent,
1285 5735 1336 5783 ete.

130 5792 282 5847 rutttattur
293 5806 327 5847 ex
340 5794 404 5846 Mas.
418 5791 481 5845 Vide
495 5792 593 5845 librum
606 5794 640 5846 da
651 5796 752 5849 Natura
765 5796 840 5862 ttoni,
846 5812 907 5865 cap.
916 5802 957 5855 tt.
1041 5800 1081 5871 (a)
1093 5800 1154 5857 tid.
1170 5802 1273 5857 Possid.
1286 5800 1316 5855 tn
1328 5800 1389 5856 Vita
1405 5801 1559 5871 Augustini.
1573 5814 1632 5869 cap.
1649 5802 1688 5855 te.
