3908 6128
160 295 217 360 ool

161 441 210 492 tur
224 430 330 504 (ierem.
343 443 413 492 xvu,
430 424 498 497 tet?
511 427 588 491 Quos
601 423 673 478 bene
687 418 860 492 intelligitur
875 414 987 488 signill-

166 536 249 578 casse
262 517 359 589 iesus,
369 515 485 588 quando
500 514 515 570 J
521 512 593 568 udaei
606 511 673 567 victi
685 518 771 581 atque
787 507 912 576 contusi,
921 520 990 562 cum

168 609 329 673 audissent,
346 607 400 675 Qui
422 607 484 661 sirie
503 611 611 671 peccato
625 605 676 668 est,
692 601 769 672 prior
781 601 812 655 iri
825 598 903 653 illem
919 596 990 667 iupi-

171 699 232 756 mm
243 699 341 771 jociut,
351 711 429 751 unus
436 698 503 766 post
515 696 640 749 alterum
649 694 841 747 recesserunt.
849 687 932 743 Tunc
943 701 993 740 au·

54 818 57 823 ¹
92 850 95 855 ,
169 793 229 845 tem
258 787 307 842 ille
330 784 488 841 ostendens
503 782 538 838 de
560 798 617 854 quo
633 795 755 835 numero
778 781 885 844 essent,
902 773 993 846 digito

170 871 317 935 seribebe't
331 874 360 930 in
377 879 453 929 terra
469 874 557 945 (teon.
574 887 635 938 vur,
651 870 719 940 7-9).

208 964 322 1023 CAPUT
331 963 401 1019 XXI.
413 994 447 1003 -
459 963 504 1017 l5.
515 960 546 1017 st
554 969 691 1032 putamus,
703 957 809 1030 iuquit,
820 956 918 1011 merito
928 968 994 1009 cou-

170 1055 332 1114 versationis
341 1067 399 1110 suae
408 1052 533 1107 homiues
542 1049 642 1106 diluvii
650 1049 785 1120 excepisse
794 1044 997 1110 sententium,et

174 1138 735 1216 Noejustumedrepcrotimemereuturre
744 1137 996 1193 meliorisesseser·

174 1242 289 1299 uotum,·
303 1247 354 1287 cur
366 1228 721 1302 exindepejoresoriurtur,
733 1231 757 1283 et
768 1228 797 1282 iu
808 1224 912 1282 eoadem
923 1228 998 1279 octus

60 1308 66 1317 ’
174 1316 1000 1388 vitaesordentis,lrumuni9merisetiomouucnotivitosre·

175 1410 318 1471 solvitur?
333 1410 376 1464 lta
385 1409 439 1464 boo
451 1407 531 1473 dicit,
547 1413 687 1479 tanquam
699 1407 802 1462 vixerit
817 1422 884 1461 cum
893 1405 936 1463 eie
948 1402 1000 1476 qui

177 1500 286 1559 diluvio
297 1498 455 1572 perierunt,
463 1503 492 1552 et
501 1497 569 1553 inde
584 1497 695 1553 noverit
707 1496 784 1569 quod
796 1508 874 1551 nuno
887 1495 1001 1566 pejores

179 1592 324 1649 oriuntur.
340 1587 397 1644 Sed
413 1587 473 1643 eive
486 1589 517 1642 io
534 1587 641 1659 pejore,
657 1585 759 1643 sivein
774 1585 889 1651 eodem,
901 1583 1001 1639 sivein

179 1678 299 1737 meliore
314 1680 380 1735 actu
397 1680 464 1750 post
482 1675 625 1733 diluvium
640 1691 733 1750 genus
747 1679 880 1732 versetur
895 1673 1002 1730 buma-

181 1785 265 1833 num‚
281 1770 352 1840 poto
367 1766 426 1822 Deo
450 1766 659 1822 dimittendum
674 1781 739 1822 esse
758 1762 903 1836 judicium
916 1766 937 1830 ¹,
953 1759 1004 1834 qui

180 1857 262 1916 novit
276 1855 436 1912 retribuere
452 1855 610 1926 uuicuique
625 1855 787 1910 secuudum
804 1853 1003 1923 meritaejus:

183 1964 241 2003 noo
258 1947 325 2002 buio
340 1945 405 2001 ceni
421 1945 522 2000 rabido
536 1944 676 2000 adversus
692 1943 849 2000 Dominum
864 1958 951 1998 suum
963 1941 1004 1996 la-

181 2035 333 2102 tranti,vel
342 2034 425 2090 asino
436 2033 526 2090 stulto
537 2033 677 2089 adversus
687 2032 841 2089 stimulum
852 2029 1005 2088 calcitran-

181 2123 215 2182 ti.
232 2123 386 2197 Apostolus
408 2122 526 2188 elamat,
542 2122 562 2178 0
576 2122 697 2178 altitudo
718 2121 881 2179 diviticmm
895 2122 1005 2193 sopim-

181 2215 231 2272 tiae
244 2222 271 2270 et
284 2214 409 2270 scientie
429 2212 496 2268 Dei!
510 2227 593 2284 quom
607 2212 802 2268 inscrutabilia
824 2216 889 2268 sunt
904 2210 1008 2279 iudicio

180 2305 250 2377 ejus,
265 2307 294 2358 et
317 2301 521 2370 investigabiles
534 2303 589 2357 oiae
603 2302 687 2372 ejus!
709 2302 775 2370 Quis
788 2303 863 2356 enim
873 2302 1007 2373 cognorit,

179 2410 291 2451 sensum
303 2392 423 2456 Domini,
431 2395 479 2446 out
487 2392 548 2463 quis
555 2391 720 2447 consiliarus
728 2392 788 2459 eius
803 2392 858 2461 [uit
867 2391 955 2464 (item.
967 2407 1008 2457 xx,

182 2482 228 2552 33,
243 2480 352 2554 bilici
368 2478 474 2536 isteilli
490 2479 697 2536 cuinulluaest
713 2479 910 2545 consiliarius,
922 2479 1011 2535 audet

183 2587 250 2628 esse
274 2567 468 2625 adversarius.
485 2567 559 2633 Quid
585 2573 682 2626 autom
706 2568 838 2636 interest,
860 2570 1010 2628 morituris

184 2658 504 2730 cunctisquentumad
513 2663 637 2714 mortem
647 2658 753 2714 attinet
760 2659 1009 2732 eorporis,utrum

187 2747 416 2822 singillatim,an
432 2744 520 2802 simul
534 2763 637 2804 omnes
646 2747 811 2820 pariterque
827 2749 1010 2817 moriantur;

187 2838 244 2894 nisi
260 2837 337 2909 quod
347 2852 415 2892 cum
425 2833 533 2908 singuli
546 2835 722 2904 moriuntur,
731 2840 760 2892 ct
775 2853 877 2893 omnes
888 2841 1012 2893 mortem

186 2929 216 2984 et
230 2942 333 2984 omnes
347 2925 383 2981 de
398 2914 696 2996 mortuispatinntur
709 2924 859 2995 dolorem;
876 2942 942 2982 oum
958 2942 1013 2982 au·

188 3021 248 3072 tem
258 3013 348 3071 simul
357 3013 508 3069 universos
521 3014 598 3086 rapit
606 3030 683 3069 unus
692 3013 838 3080 interitus,
847 3014 953 3072 saltem
964 3032 1014 3072 ne·

189 3103 263 3162 mini
277 3100 585 3176 relinquiturluctus‘i
601 3102 705 3159 Verum
720 3103 809 3160 etiam
820 3102 909 3160 altius
919 3105 949 3160 io
965 3103 1015 3161 illo

184 3189 1016 3264 diluvioconsillumDeiluit,quemcorinlideliumveloo·

186 3281 229 3338 vit
243 3278 288 3336 vel
302 3279 448 3352 eapit.Sed
465 3279 532 3335 nolo
548 3280 777 3352 me,apoetolum
789 3281 907 3338 Petrum
918 3283 1016 3354 potius

189 3369 291 3427 audiat
306 3369 362 3425 iste
372 3368 516 3425 dicentem
529 3386 536 3425 ε
549 3369 577 3425 lu
588 3369 686 3426 dietus
694 3371 750 3427 Noe
759 3386 821 3428 cum
830 3372 1018 3443 subticeretur

189 3475 264 3525 orec,
274 3461 332 3516 octo
344 3459 452 3513 orimus
461 3460 552 3514 solves
561 3460 649 3531 sectus
658 3475 818 3532 peroquom
828 3478 838 3516 :
848 3461 1016 3533 quodetiam,

190 3547 299 3619 inquit,
310 3547 399 3602 simili
406 3548 501 3617 [ormo
511 3549 652 3620 Doptismc
664 3550 753 3605 tetros
762 3551 840 3620 feeit,
856 3566 912 3607 uon
925 3552 1019 3607 comit

192 3637 326 3707 depositio
336 3636 475 3698 sordium·
493 3635 726 3695 sedcouseientiae
741 3639 818 3696 tonse
836 3641 1019 3708 iuterropotio

194 3729 224 3783 ir
236 3726 319 3783 Deum
327 3742 378 3796 per
387 3727 615 3782 resurrectionem
624 3728 688 3783 iesu
702 3726 804 3783 Christi
808 3728 832 3800 (l
841 3728 914 3784 Petr.
926 3728 1018 3796 mill,

193 3816 251 3886 21).
267 3814 339 3870 Ecce
353 3813 442 3869 habet
449 3814 613 3887 expositum
622 3814 721 3871 diluvii
729 3827 953 3873 sacramentum.
965 3816 1020 3874 Ubi

195 3910 350 3977 propterea
378 3909 422 3958 est
451 3903 596 3973 additum,
622 3921 674 3976 per
700 3908 926 3963 resurrectionem
952 3911 1020 3965 iesu

196 3992 309 4059 Christi,
326 3997 358 4047 ut
372 3991 449 4048 diem
460 3991 697 4067 intellegeremus
711 3999 857 4063 octavum,
869 3998 945 4069 qood
957 3997 1019 4069 aig·

196 4081 327 4139 uitioavit
340 4080 370 4135 in
387 4098 455 4137 arco
471 4098 611 4138 numerus
631 4082 785 4140 hominutn
802 4102 809 4141 ε
826 4091 926 4141 octavo
940 4085 1019 4142 enim

196 4170 253 4241 die,
269 4170 324 4226 hoo
348 4176 402 4239 est,
419 4176 486 4242 poet
509 4172 666 4245 septimum
688 4174 802 4229 sabbati
818 4173 960 4231 Dominus
975 4191 1019 4231 re-

195 4259 331 4317 surrexit.
348 4259 477 4332 sicergo
492 4259 543 4316 illa
558 4276 621 4333 que
643 4266 727 4334 gesta
740 4269 1019 4332 commemorentur,

194 4349 220 4407 si
235 4349 303 4421 quie
318 4348 466 4422 intelligit,
481 4350 569 4405 etiam
581 4350 740 4423 prophetie
755 4352 883 4408 luerunt.
894 4353 949 4409 Sed
965 4353 1021 4410 iste

196 4445 300 4511 praeter
315 4438 464 4506 arcam,id
478 4443 533 4509 est,
542 4445 646 4512 preter
657 4440 817 4497 Ecclesiam
832 4443 1020 4517 constitutus,

197 4529 370 4583 submersus
385 4532 431 4583 ost
443 4526 561 4596 diluvio,
579 4545 636 4586 non
651 4529 781 4588 ablutus.

234 4607 349 4672 CAPUT
365 4615 448 4672 lleI.
459 4618 547 4674 -lo
565 4617 604 4674 De
618 4620 787 4677 testimonio
810 4637 926 4695 quoque
942 4621 1022 4679 isaie

198 4703 345 4780 prophete
359 4705 560 4764 calumnietur
573 4712 661 4781 etque
684 4708 880 4782 blasphemet,
896 4727 930 4767 eo
945 4712 1019 4783 quod

199 4795 316 4862 dixerit,
331 4794 517 4867 Filiosiqenui
531 4806 557 4853 et
570 4799 705 4868 eeoitooi,
722 4800 776 4872 ipsi
787 4808 878 4856 eutem
892 4817 1022 4873 mespre-

197 4888 316 4953 oerunt,·
341 4888 370 4941 ot
389 4885 506 4941 eosdem
522 4885 607 4957 paulo
630 4892 697 4959 post
713 4888 901 4962 appellaverit
922 4907 1023 4946 semen

199 4974 542 5048 pessimumtlrui.1,2·l)‚
553 4979 694 5050 tanquam
705 4979 900 5036 scostendeus
912 4978 1023 5052 genito-

196 5079 258 5122 rem
268 5063 577 5136 malorum,cujus2sslii
590 5070 771 5137 suntjsemen
783 5068 944 5140 pessimum
954 5087 962 5122 :
973 5084 1024 5124 ne·

196 5152 953 5228 scieusobhooaosdicieamenpessimum,quoniam
960 5172 1025 5230 gra·

195 5243 242 5298 tia
257 5241 308 5298 Dei
324 5258 383 5315 que
397 5243 462 5314 ejus
477 5242 530 5298 tilii
545 5242 614 5300 sacti
629 5245 758 5315 fuerant,
772 5246 920 5318 peccando
935 5246 1023 5318 dege·

198 5347 281 5388 neres
292 5331 638 5400 exstiterunt,eorumsslii
651 5334 717 5390 iacti
727 5349 851 5405 quorum
862 5334 1025 5391 imitatores

200 5434 265 5475 esse
275 5421 527 5478 uoluerunt.Unde
539 5421 599 5478 illis
610 5421 667 5478 alio
677 5421 1027 5491 toronicituneourtmr

202 5507 421 5577 emortuum
429 5519 517 5568 muter
529 5515 580 5568 tuo
592 5509 699 5570 Cettraeo
710 5513 817 5587 (Decet.
830 5529 887 5580 xvr,
897 5513 926 5585 3)
935 5528 942 5569 :
952 5527 1025 5586 que·

115 5632 339 5752 Ultimi,
344 5634 397 5762 1322
395 5635 589 5751 ssffifndum
600 5637 766 5704 emejudicio.
774 5638 945 5701 concinnius,
952 5638 1025 5702 llas„

366 290 522 354 CONTRA
543 284 827 350 Auvuusmtlou
852 281 964 343 LEGlS
987 279 1037 340 ET
1060 273 1372 351 Puoefleusauu,
1395 275 1428 336 S.
1445 273 1659 337 AUGUSTINI

1806 271 1868 333 632

1043 427 1108 466 rum
1125 409 1256 483 gentium
1268 412 1337 464 sunt
1351 407 1531 481 impietatem
1541 406 1744 480 malitiamque
1752 405 1870 477 sectati,

1041 500 1194 571 exquibus
1206 504 1305 554 tamen
1317 497 1565 570 carnisoriginem
1576 513 1633 552 non
1645 496 1801 552 ducebant.
1810 495 1870 552 Sed

1042 588 1134 646 solvat
1149 588 1203 643 iste
1219 588 1409 659 questionem
1426 586 1634 660 evangelicam,
1650 585 1701 642 ubi
1725 586 1873 641 Dominus

1043 676 1113 734 dicit
1128 695 1135 732 ε
1151 679 1184 732 Si
1197 693 1242 732 vos
1257 693 1321 732 cam
1334 678 1398 732 sitis
1412 676 1495 745 molt,
1510 678 1597 733 mostis
1608 678 1675 733 boue
1687 676 1873 747 dutodurefi-

1043 768 1092 823 iiis
1105 768 1221 828 uestris;
1241 771 1343 837 quanto
1358 767 1447 834 mepte
1472 768 1555 821 Peter
1575 770 1662 820 vester
1680 767 1728 838 qui
1740 768 1770 820 io
1794 766 1874 820 coetis

1044 861 1094 921 est,
1110 855 1186 910 debit
1200 855 1272 911 borso
1284 854 1475 926 petentibesse
1487 855 1562 926 (Luc.
1578 872 1617 922 xx,
1629 854 1672 926 13)
1684 857 1696 909 i
1709 854 1793 910 Dicat
1804 869 1875 926 que·

1046 943 1285 1002 madmodumsit
1299 943 1480 999 bonusDeus
1490 943 1634 998 malorum
1645 950 1742 1015 pater:
1756 947 1875 998 utrum-

1046 1052 1104 1109 que
1118 1035 1197 1090 enim
1211 1032 1327 1089 Veritas
1352 1032 1433 1087 dixit.
1462 1034 1564 1087 Annon
1580 1037 1663 1088 erant
1678 1032 1747 1088 mali
1764 1033 1878 1106 quibus

1047 1124 1131 1194 ert,Si
1140 1139 1203 1195 erpo
1213 1138 1258 1179 vos
1267 1138 1331 1179 eum
1340 1123 1401 1178 sitis
1413 1123 1499 1177 metit
1509 1124 1612 1177 Annon
1623 1121 1771 1179 hebebant
1782 1124 1876 1179 Deum

1049 1214 1158 1270 bonum
1172 1218 1284 1285 patrem
1298 1211 1405 1283 quibus
1417 1210 1466 1281 ait,
1479 1212 1585 1280 Quanto
1596 1213 1685 1282 mopir
1698 1213 1879 1268 Poteroestrr

1049 1303 1135 1375 quiin
1145 1303 1223 1359 eoetis
1232 1305 1280 1370 est,
1291 1300 1366 1356 dedit
1376 1301 1602 1373 competentibus
1610 1303 1658 1356 se?
1670 1300 1757 1357 Porro
1768 1301 1793 1357 si
1806 1302 1878 1358 mali

1050 1392 1187 1467 appellati
1202 1399 1272 1449 eunt
1286 1399 1405 1464 propter
1419 1397 1547 1463 peecata,
1560 1391 1624 1447 sine
1639 1391 1748 1464 quibus
1764 1396 1881 1449 nonest

1051 1486 1082 1540 in
1106 1485 1161 1540 hac
1176 1484 1347 1539 infirmitate
1371 1482 1541 1539 mortalium
1565 1481 1765 1555 quorumlibet
1788 1483 1880 1540 etiem

1051 1577 1111 1632 vita
1122 1578 1275 1648 iustorum
1289 1594 1296 1644 ;
1313 1580 1424 1647 quanto
1449 1575 1667 1630 convenientius
1695 1592 1797 1632 semen
1814 1592 1880 1649 pes·

1053 1669 1162 1724 simum
1179 1668 1333 1735 diceretur,
1350 1666 1428 1739 quod
1453 1672 1621 1723 nasceretur
1635 1667 1728 1740 impia
1742 1667 1882 1724 volunta-

1053 1762 1093 1832 te‚
1109 1764 1137 1816 et
1152 1759 1284 1815 moribus
1299 1759 1486 1816 exsecrabilis
1502 1758 1682 1831 pullularet?

1091 1851 1135 1907 47.
1152 1851 1204 1907 Sed
1218 1852 1302 1918 tune,
1316 1851 1422 1923 inquit,
1437 1852 1523 1907 Deum
1539 1851 1670 1907 Dominus
1685 1851 1811 1907 Christus
1826 1868 1884 1922 op·

1053 1943 1167 2016 petierit
1181 1943 1307 1999 amorem
1322 1943 1425 1997 mntem
1434 1942 1580 2011 facientem
1589 1945 1698 2013 [ructus
1711 1943 1810 1998 motos.
1821 1945 1886 1997 Imo

1055 2050 1123 2091 vero
1138 2033 1227 2104 hujus
1242 2032 1313 2087 talia
1328 2032 1481 2088 sentientis
1496 2036 1638 2104 tanquam
1655 2032 1736 2088 male
1757 2032 1885 2101 arboris,

1056 2126 1112 2182 iste
1121 2125 1185 2198 ipse
1198 2140 1293 2180 sermo
1302 2123 1502 2194 blasphemus,
1514 2125 1627 2179 tructus
1637 2123 1797 2181 estmalos.
1811 2124 1887 2180 Nam

1057 2216 1195 2271 hominen
1207 2211 1319 2269 melum
1328 2211 1435 2268 dixisse
1446 2212 1604 2268 Dominum
1617 2214 1751 2269 arborem
1761 2215 1888 2281 malem,

1058 2305 1143 2376 cujus
1160 2304 1274 2358 tructus
1286 2301 1355 2357 meli
1371 2306 1471 2357 essent
1486 2302 1679 2374 operansale3
1695 2312 1722 2358 et
1732 2302 1889 2359 hominem

1059 2393 1169 2449 bonum
1184 2392 1316 2447 arborem
1333 2389 1451 2460 bonam,
1467 2392 1552 2462 cujus
1573 2391 1687 2448 iruotus
1702 2392 1771 2447 boui
1787 2394 1891 2448 essent

1059 2499 1147 2556 opere
1162 2481 1239 2537 bone
1263 2479 1367 2552 (earu.
1378 2497 1428 2545 vu,
1446 2481 1558 2552 15-20);
1575 2480 1604 2534 id
1620 2486 1674 2548 est,
1692 2482 1773 2553 ipsae
1789 2479 1889 2537 homi-

1060 2588 1132 2629 num
1140 2567 1361 2637 uoluntates,vel
1374 2567 1482 2624 melam
1495 2569 1564 2624 mali
1573 2568 1712 2636 hominis,
1723 2570 1767 2625 vel
1778 2571 1889 2626 bonam

1061 2661 1129 2718 boni
1145 2657 1485 2716 hominisdiversasesse
1500 2658 1618 2714 arbores
1630 2659 1762 2714 diversos
1773 2659 1891 2714 tructus

1060 2752 1198 2814 terentes,
1215 2748 1287 2804 setis
1302 2746 1452 2802 evidenter
1463 2747 1526 2819 ipse
1542 2752 1678 2814 testatur,
1691 2748 1793 2804 dicens
1811 2763 1818 2804 :
1836 2749 1893 2804 Do-

1062 2855 1115 2895 mus
1131 2840 1209 2895 tomo
1222 2836 1255 2893 de
1270 2837 1338 2892 bono
1353 2835 1480 2892 thesauro
1492 2835 1580 2892 cordis
1593 2838 1639 2890 sui
1651 2838 1760 2908 profert
1775 2838 1858 2905 boue,
1868 2843 1894 2893 et

1064 2929 1154 2984 motus
1169 2927 1247 2983 bomo
1261 2925 1293 2981 de
1307 2927 1381 2980 muto
1392 2925 1519 2981 tbesouro
1534 2925 1622 2982 cordis
1632 2927 1678 2981 sui
1690 2927 1795 2997 protert
1805 2927 1892 2981 malo.

1064 3015 1213 3084 Quomodo
1229 3018 1326 3070 eutem
1342 3013 1461 3079 diceret,
1486 3016 1540 3069 Aut
1552 3016 1637 3086 tueite
1651 3017 1779 3071 arborem
1794 3014 1895 3071 bouum

1065 3111 1090 3165 et
1104 3109 1228 3179 {ructum
1243 3107 1303 3178 ejus
1313 3106 1484 3172 bouum-out
1498 3107 1581 3176 [acite
1590 3106 1716 3161 arborem
1726 3105 1853 3168 omium:
1869 3108 1896 3161 et

1065 3197 1261 3270 truciumque
1275 3195 1380 3250 mutum
1393 3193 1443 3268 (ld.
1454 3211 1505 3264 x11,
1521 3194 1566 3261 35,
1582 3195 1627 3266 32)
1640 3212 1647 3261 ;
1664 3193 1720 3250 nisi
1729 3194 1819 3249 homo
1829 3210 1895 3266 pos·

1067 3289 1112 3342 set
1126 3301 1204 3340 nuno
1219 3284 1250 3340 in
1274 3283 1340 3355 hoc,
1356 3299 1435 3339 nunc
1459 3282 1488 3339 in
1509 3281 1582 3338 illud
1608 3287 1720 3339 mutata
1743 3282 1898 3340 voluntate

1067 3375 1220 3431 converti?

1104 3462 1219 3520 CAPUT
1233 3461 1329 3518 XXlll.
1349 3491 1384 3503 -
1399 3461 1442 3516 48.
1468 3460 1519 3517 Sed
1544 3464 1602 3533 ipse
1617 3462 1697 3527 Deus,
1721 3461 1831 3534 inquit,
1847 3478 1900 3535 per

1068 3552 1193 3610 eumdem
1215 3551 1375 3623 proplietam
1397 3552 1510 3621 toletam,
1523 3558 1549 3606 et
1571 3550 1653 3618 dicit,
1670 3552 1722 3620 Duo
1741 3566 1805 3605 sum
1829 3552 1899 3607 Deus

1068 3642 1174 3714 sociem
1189 3641 1258 3696 beno
1272 3643 1298 3696 et
1312 3655 1412 3696 creone
1426 3639 1502 3695 muto
1516 3641 1594 3712 (isui.
1610 3656 1673 3709 xcv,
1684 3639 1723 3710 7).
1738 3639 1782 3693 lta
1793 3638 1900 3711 plene:

1068 3730 1132 3804 ipse
1147 3735 1192 3786 est
1209 3729 1289 3786 enim
1313 3729 1400 3797 Dens,
1417 3729 1453 3784 de
1466 3745 1524 3801 quo
1539 3728 1611 3784 dicit
1635 3727 1802 3800 Apostolus,
1822 3728 1902 3785 time

1069 3835 1131 3892 erpo
1147 3819 1294 3876 teutatem
1308 3823 1335 3874 et
1347 3819 1521 3874 severitatem
1537 3820 1587 3876 Dei
1600 3818 1688 3886 (ilem.
1704 3833 1744 3884 m,
1759 3815 1817 3888 22).
1835 3817 1902 3874 lieo

1071 3913 1169 3966 autem
1189 3907 1327 3964 severitas
1342 3907 1406 3979 ejus
1430 3906 1650 3963 damnabilibus
1666 3904 1744 3962 mala
1759 3911 1816 3972 est,
1830 3908 1903 3978 quie

1070 3998 1182 4055 malum
1195 3997 1254 4052 illis
1269 3995 1467 4052 damnationis
1483 3994 1632 4067 importat.
1649 3995 1722 4051 Nem
1734 3995 1805 4066 quia
1817 3996 1903 4067 juste

1071 4091 1125 4159 est,
1142 4084 1199 4142 allo
1215 4084 1300 4141 modo
1317 4084 1460 4157 reperitur
1474 4085 1572 4140 bona:
1589 4100 1675 4139 omne
1690 4084 1769 4139 enim
1781 4084 1901 4155 justum

1071 4176 1192 4232 bonum.
1210 4177 1303 4242 Quam
1317 4190 1383 4230 vero
1399 4173 1548 4247 eleganter
1563 4173 1619 4230 sibi
1634 4172 1751 4229 videtur
1763 4173 1820 4229 isto
1835 4191 1902 4231 ver·

1072 4266 1110 4322 ba
1132 4263 1279 4320 discutere
1304 4265 1392 4334 elque
1416 4262 1593 4332 discernere,
1609 4263 1743 4318 nesciens
1767 4262 1840 4335 quid
1863 4262 1905 4319 lo·

1072 4352 1205 4426 quatur?
1220 4352 1462 4425 Quandoquidem
1473 4352 1528 4408 hoc
1542 4351 1727 4425 ipsumquod
1744 4351 1786 4408 ita
1801 4351 1904 4423 posuit

1074 4443 1129 4499 boc
1150 4441 1362 4511 testimonium,
1380 4445 1413 4496 ut
1435 4457 1493 4496 non
1509 4440 1665 4511 diceretur,
1680 4439 1803 4496 Fecieus
1826 4442 1905 4497 bona

1074 4536 1103 4588 et
1119 4530 1214 4600 mala;
1241 4535 1301 4597 aut,
1326 4546 1429 4586 creans
1453 4531 1529 4586 bona
1553 4534 1581 4585 et
1595 4528 1694 4595 mala;
1719 4533 1781 4598 eut,
1798 4547 1904 4587 ereans

1073 4621 1150 4677 bone
1164 4625 1193 4676 et
1217 4619 1328 4676 iaciens
1352 4617 1449 4688 mala;
1466 4618 1528 4683 sed,
1545 4620 1651 4690 sociere
1674 4620 1744 4675 beno
1757 4624 1786 4674 et
1806 4635 1904 4676 ereum

1073 4710 1150 4765 motu
1165 4727 1174 4766 :
1189 4709 1251 4764 vult
1274 4712 1385 4763 vertere
1406 4707 1436 4762 io
1458 4707 1588 4778 orimeo3
1612 4712 1642 4763 et
1655 4711 1780 4763 conatur
1802 4713 1903 4764 osten·

1074 4800 1152 4867 dere,
1169 4799 1246 4871 quod
1270 4796 1314 4863 lit,
1329 4796 1493 4852 lorinsecus
1508 4795 1590 4863 lieri;
1613 4796 1690 4868 quod
1707 4798 1808 4852 autem
1822 4812 1903 4853 cree-

1075 4893 1133 4955 tur,
1149 4886 1226 4960 apud
1249 4885 1346 4958 ipsum
1363 4901 1429 4942 osse
1454 4890 1625 4951 creatorem,
1650 4888 1735 4956 atque
1751 4886 1819 4941 inde
1835 4902 1904 4959 pro·

1074 4977 1176 5033 cedere
1193 4991 1199 5031 :
1217 4979 1250 5031 ut
1269 4973 1402 5030 videlicet
1424 4974 1502 5031 Deus
1523 4972 1734 5046 Prophetarum
1759 4977 1903 5047 tanquam

1075 5063 1204 5122 extranei
1220 5080 1237 5120 a
1251 5078 1283 5119 se
1298 5063 1367 5119 boni
1382 5063 1473 5119 lactor
1483 5062 1641 5135 aliquando
1656 5063 1748 5119 luisse
1757 5062 1904 5134 videatur,

1076 5159 1189 5212 creator
1203 5157 1301 5210 autem
1326 5151 1396 5209 mali
1421 5158 1561 5225 tanquam
1578 5155 1682 5207 natura
1701 5150 1800 5207 malus
1824 5153 1861 5207 de
1874 5168 1905 5208 se

1076 5243 1140 5317 ipso
1170 5244 1320 5315 proterens
1348 5243 1425 5314 quod
1455 5241 1571 5298 creavit.
1602 5241 1671 5304 Ques
1699 5242 1788 5297 verbe
1816 5241 1843 5299 ei
1871 5257 1905 5298 ex

1076 5331 1288 5390 consuetudine
1318 5331 1537 5388 consideremus
1571 5328 1729 5386 locutionis
1754 5329 1903 5403 humana,

1076 5427 1105 5478 et
1119 5421 1182 5478 fleri
1197 5425 1227 5478 et
1240 5420 1342 5488 creari,
1360 5437 1417 5477 uon
1430 5419 1525 5477 solum
1542 5417 1595 5474 lilii
1610 5434 1683 5489 quos
1697 5418 1904 5493 desemetipso

1077 5511 1201 5584 quisque
1215 5514 1347 5584 generet,
1362 5525 1463 5565 verum
1488 5507 1577 5565 etiam
1593 5507 1786 5581 magistratus
1801 5508 1904 5566 dicuu-

1076 5604 1124 5658 tur
1147 5604 1234 5672 atque
1263 5600 1362 5669 urbes,
1391 5602 1421 5655 et
1450 5611 1645 5672 quacumque
1667 5594 1726 5654 alia
1749 5613 1815 5671 que
1845 5614 1904 5657 noo

1075 5692 1181 5751 exeunt
1202 5688 1239 5748 ds
1260 5688 1409 5764 gignente,
1423 5688 1475 5748 sed
1500 5686 1663 5748 lorioaeous
1683 5687 1771 5748 Dant.
1796 5687 1827 5748 Si
1850 5705 1905 5749 ao-
