3908 6128
120 247 202 309 tlte

120 383 181 436 tres
190 375 371 436 substantia.
383 378 506 434 Proinde
518 376 615 435 unitas
624 377 796 435 substantia
806 383 866 436 tres
876 380 947 436 daos

121 450 257 525 prohibet
273 450 368 505 dicere
384 451 427 506 vel
443 449 570 505 credere.

157 523 202 579 Vl.
219 524 278 579 lar.
310 522 404 576 Deum
419 526 478 576 tres
488 537 628 593 personas
639 520 778 590 dicimus,
788 523 903 577 Patrem
916 526 945 577 et

122 594 229 651 Filium
247 598 276 649 et
298 593 439 664 Spiritum
453 600 601 659 sanctum,
637 608 706 647 uere
721 608 779 647 uon
795 593 945 659 tresdeos,

121 682 175 722 nec
186 671 246 721 tres
257 664 482 736 omnipotentes,
496 680 547 719 nec
558 670 617 719 tres
648 680 731 733 onos,
743 681 796 720 nec
809 668 868 720 tres
883 680 944 720 ma·

121 753 196 811 gnos
211 736 307 792 dicere
322 737 366 791 ias
380 736 448 790 est?
463 736 548 791 llese.
573 735 646 799 Ouia
665 736 752 802 Deus,
768 740 795 791 et
811 736 945 806 omnipo-

121 814 199 874 tens,
210 812 384 879 utmagnus,
394 812 423 861 et
437 808 574 875 bonus,et
588 811 725 877 eternus,
739 807 946 863 substantialia

122 878 337 947 nominasent,
354 884 382 933 et
397 879 432 934 ad
450 896 481 934 se
495 878 652 945 dicuntur,
674 878 739 933 ideo
755 895 812 933 non
829 878 897 934 licet
911 895 946 935 ea

121 949 225 1025 plurali
237 966 358 1006 numero
370 950 475 1020 dicere,
483 951 532 1004 sed
541 949 684 1021 singulari
693 966 699 1003 :
708 954 829 1005 eternae
839 965 944 1005 nomen

121 1023 200 1095 quod
213 1021 411 1078 substantium
423 1021 472 1076 Dei
482 1020 525 1075 vel
534 1020 692 1076 essentiam
703 1021 859 1093 significat,
869 1038 945 1076 scm·

121 1092 944 1168 persingularinamproproierendumest.Paterautem,

121 1170 151 1221 et
162 1164 264 1234 Filius,
275 1170 304 1220 et
313 1164 439 1236 Spiritus
450 1168 581 1230 sanctus,
592 1164 712 1219 relativa
722 1167 792 1219 sunt
803 1164 943 1233 nomina3

121 1242 150 1295 οῖ
164 1236 229 1292 ideo
243 1240 304 1291 tres
320 1252 449 1307 persona
464 1238 541 1290 recte
555 1235 704 1290 dicuntur.

157 1306 217 1363 Vll.
231 1308 288 1363 har.
300 1307 449 1372 Quomodo
460 1305 601 1362 relativa?
610 1306 695 1361 Rase.
705 1305 873 1361 Secundum
882 1303 944 1359 dia·

120 1378 265 1445 lecticam,
277 1378 397 1433 relativa
410 1378 615 1444 nominasent,
626 1394 689 1449 que
698 1377 733 1432 ad
743 1376 823 1432 aliud
832 1374 943 1447 aliquid

119 1451 307 1518 referantur;
323 1448 401 1506 sicut
415 1449 553 1505 dominus
566 1449 602 1505 ad
617 1464 745 1520 servum,
757 1451 786 1503 et
796 1463 897 1503 servus
907 1446 943 1503 ad

121 1523 273 1578 dominum
285 1521 426 1593 ;patsrad
436 1520 541 1588 illium,
550 1519 629 1575 tilius
638 1520 674 1575 ad
686 1525 809 1593 patrem.
821 1518 945 1574 Prorsus

121 1610 187 1650 cum
199 1592 264 1648 dico
276 1598 401 1663 patrem,
419 1592 513 1647 filium
533 1592 677 1663 significo,
689 1592 827 1663 quianon
839 1595 884 1647 cst
894 1606 944 1660 pa-

121 1669 173 1732 ter,
190 1665 247 1719 nisi
264 1663 341 1719 filius
357 1663 396 1719 sit
410 1664 456 1718 cui
473 1663 511 1718 sit
526 1669 625 1734 pater:
641 1663 710 1718 item
727 1679 783 1718 non
797 1660 943 1728 aethlius,

121 1736 178 1792 nisi
195 1740 277 1807 pater
290 1737 329 1791 sit
343 1734 390 1789 cui
405 1735 444 1790 sit
458 1734 546 1789 lilius.

156 1807 232 1865 Vltl.
257 1807 316 1862 lar.
340 1806 442 1861 Utrum
466 1804 593 1915 Spiritus
616 1808 735 1859 sanctus
761 1801 878 1858 relative
900 1801 944 1858 vel

120 1877 354 1935 substantialiter
368 1878 500 1933 dicatur.
519 1877 604 1931 iisse.
617 1875 722 1946 Utique
734 1873 862 1940 relative,
874 1875 944 1945 quia

121 1950 243 2022 spiritus
258 1948 383 2020 alicujus
398 1949 520 2020 spiritus
534 1952 598 2003 est:
616 1947 666 2002 sed
681 1963 740 2001 non
755 1946 831 2001 sicut
847 1947 875 2000 ia
888 1951 943 2001 Pa·

120 2025 165 2077 tre
179 2026 208 2076 et
222 2020 293 2075 Filio
309 2019 457 2075 relationis
474 2019 574 2091 regula
589 2022 705 2075 tenetur
719 2017 748 2071 in
765 2034 808 2072 eo.

156 2091 202 2147 lll.
214 2092 271 2147 lar.
281 2091 374 2155 Quare
386 2091 527 2163 aqualem
536 2107 594 2145 raon
604 2091 692 2145 babet
703 2087 851 2143 relationis
860 2103 943 2158 regu·

120 2158 942 2234 lamSpiritassanctus,sicutPateretFiliusiltasr.Quia

120 2234 299 2291 circumferri
313 2238 407 2305 potest
419 2236 513 2289 Patris
525 2238 554 2287 et
565 2232 627 2287 Filii
639 2248 744 2287 nornen
756 2232 790 2284 ad
806 2230 941 2296 invicem,

120 2312 152 2361 ut
168 2306 191 2362 si
209 2307 343 2361 dieamus
361 2308 442 2361 Pater
453 2305 517 2360 Filii
534 2304 627 2369 Pater,
643 2308 671 2359 ct
685 2301 776 2358 Filius
792 2302 883 2357 Petris
898 2302 943 2357 Fi·

120 2377 198 2433 lius:
214 2394 271 2433 noo
288 2377 328 2432 ita
349 2376 496 2447 duplicem
515 2375 666 2431 relationis
691 2373 896 2430 circumversio
912 2372 941 2429 in

119 2449 237 2504 nomine
253 2447 346 2504 sancti
361 2448 487 2518 Spiritus
502 2446 625 2502 inueniri
645 2450 750 2518 potest.

154 2520 187 2575 X.
201 2520 259 2576 lar.
271 2522 333 2586 Qua
343 2521 515 2575 necessitate
526 2518 641 2583 accidit,
654 2523 686 2573 ut
699 2517 739 2571 ita
750 2532 808 2570 non
817 2515 942 2570 circum·

120 2591 187 2647 lerri
202 2591 293 2664 possit
302 2590 428 2663 Spiritus
440 2590 532 2645 sancti
544 2588 646 2645 relatio
655 2588 670 2642 l
680 2588 766 2643 Rnsr.
783 2588 855 2651 Quia
866 2591 943 2642 recte

120 2663 216 2718 dicere
237 2678 394 2734 possumus
414 2662 556 2733 Spiritum
576 2666 712 2717 sunctum
731 2658 824 2714 Patris
839 2657 941 2713 ctFilii

119 2733 281 2805 Spiritum:
299 2734 348 2789 sed
366 2749 504 2789 converso
523 2733 625 2789 ordine
646 2748 704 2786 non
724 2746 883 2803 possumus
897 2730 941 2784 di-

119 2820 194 2872 cere,
211 2805 325 2859 Patrem
341 2803 468 2874 Spiritus
483 2804 586 2871 sancti,
603 2802 816 2859 sicutdicimus
827 2801 941 2856 Patrem

119 2874 193 2940 Filii,
211 2876 319 2930 nedae
335 2874 387 2929 lilii
411 2876 440 2931 in
467 2882 569 2931 sancta
591 2874 734 2931 Trinitats
748 2873 940 2928 estimantur.

120 2946 192 3001 ltem
208 2963 265 3001 non
282 2963 439 3018 possumus
454 2947 559 3012 dicere,
577 2946 682 3001 Filium
699 2944 826 3016 Spiritus
836 2944 941 3011 sancti,

120 3016 197 3072 sicut
207 3018 334 3073 dicimus
345 3017 450 3073 Filium
464 3018 567 3087 Patris,
579 3018 683 3072 neduo
694 3017 831 3089 patrosin
842 3019 943 3069 sancta

120 3088 264 3145 Trinitate
288 3089 499 3160 intelligantur.
526 3090 654 3145 Dicimus
679 3089 777 3159 itaque
800 3086 942 3158 Spiritum

121 3165 255 3216 sanctum
272 3161 368 3215 Patria
383 3167 412 3215 et
427 3160 502 3223 Filii,
513 3161 576 3216 sine
587 3159 813 3232 reciprocatione
823 3173 942 3214 conver·

121 3231 213 3289 sionis
230 3232 382 3286 nominum
398 3231 597 3287 relativorum.

155 3298 942 3376 ill.lur.UtruminseparabiliasintoperasaucteeTri·

121 3371 941 3446 nitatis‘lliese.UtiqaequidquidoperaturTrinitassnn·

120 3449 175 3514 cta,
188 3445 422 3528 inseparabiliter
434 3445 493 3500 haec
508 3445 610 3501 eadem
625 3450 782 3514 operatum
799 3444 869 3514 quia
884 3460 943 3498 una

119 3522 164 3574 est
178 3517 329 3572 Trinitatis
345 3517 484 3586 operatio,
501 3517 578 3572 sicut
589 3530 647 3570 una
658 3519 702 3569 est
712 3513 887 3583 substantia,
899 3530 943 3569 es-

121 3588 215 3645 sentia
230 3591 258 3643 ct
271 3587 417 3643 voluntas.

156 3660 216 3715 llll.
228 3664 286 3714 lsr.
303 3659 406 3715 Utrum
422 3662 523 3713 sancta
533 3656 662 3712 Trinitas
672 3655 701 3709 in
714 3655 846 3725 personis
857 3671 941 3726 sepa·

120 3731 221 3787 rabilis
236 3733 297 3787 sive
312 3727 517 3802 inseparabilis
533 3728 719 3797 dicendaest,
730 3727 801 3781 dum
813 3725 888 3782 elius
898 3730 944 3782 est

117 3802 212 3873 Pater,
221 3802 402 3867 elinsFilius,
411 3799 856 3871 aliusSpiritussanctus‘lltsse.
869 3796 942 3855 Vere

115 3873 192 3930 alius
203 3879 247 3929 cst
260 3874 341 3929 Pater
355 3890 445 3944 quarn
462 3871 552 3927 Filius
566 3872 594 3926 in
610 3885 746 3941 persona,
762 3869 838 3925 οἰοιοῖ
854 3868 941 3925 Filius

116 3945 192 4001 alius
203 3945 286 4000 estin
299 3961 422 4018 persone
433 3960 521 4016 quam
536 3943 629 4008 Pater,
641 3947 670 3996 et
679 3941 806 4067 Spiritus
821 3947 941 3997 sanctus

117 4016 193 4073 alius
204 4021 248 4071 eat
261 4016 291 4072 in
323 4033 428 4072 creona
447 4031 537 4087 quam
558 4015 643 4069 Pater
660 4018 688 4067 et
724 4013 792 4067 ilius
804 4028 810 4066 :
824 4028 881 4067 non
898 4019 941 4067 ta·

116 4105 184 4144 men
195 4087 274 4143 aliud
286 4034 335 4143 ille
347 4089 389 4143 vel
401 4086 450 4142 ille
461 4088 490 4142 in
514 4089 629 4153 natura,
651 4083 695 4140 vel
717 4084 745 4137 in
758 4084 874 4153 deitate,
891 4089 942 4140 aut

116 4159 147 4215 in
159 4161 296 4216 essentia.
314 4159 371 4215 Nec
386 4159 464 4214 enim
479 4159 595 4213 Patrem
609 4160 690 4228 potes
705 4155 811 4221 dicere,
826 4155 882 4211 nisi
897 4156 941 4211 Fi·

118 4230 190 4286 lium
198 4229 344 4303 intelligas
353 4249 359 4297 ;
367 4229 719 4301 necSpiritumsanetum‚
727 4227 783 4282 nisi
795 4226 941 4299 intelligas

118 4303 204 4371 cujus
219 4302 347 4374 Spiritus
362 4302 409 4357 sit.
430 4299 570 4365 Quocirca
594 4298 673 4355 omni
690 4300 774 4354 modo
789 4299 941 4371 insepara-

118 4374 187 4431 bilis
196 4379 242 4428 est
252 4380 353 4430 sancta
363 4374 500 4440 Trinitas,
512 4372 588 4427 sicut
598 4371 627 4425 in
639 4369 787 4442 operibus,
798 4371 841 4426 sic
852 4371 940 4426 etiarn

118 4446 148 4500 in
185 4445 297 4500 arsonis
312 4445 445 4500 dicenda.

181 4516 227 4571 lll.
245 4518 303 4572 lar.
320 4516 346 4571 Si
364 4517 399 4572 ad
415 4514 508 4571 solam
523 4511 617 4568 Patris
632 4527 786 4582 personam
800 4512 943 4582 pertineat

116 4588 195 4660 quod
210 4588 328 4656 dicitur,
344 4589 397 4657 Qui
410 4588 477 4659 fecit
493 4584 636 4640 mirabilia
650 4599 752 4649 meque
765 4584 839 4639 actua
854 4584 940 4654 (Psoi.

117 4675 194 4728 nxxr,
208 4660 252 4729 18)
264 4662 275 4713 l
288 4665 316 4714 et
330 4657 496 4730 Apostolus,
514 4656 567 4725 Qui
580 4656 656 4710 solua
676 4654 757 4709 laudet
776 4656 940 4710 immortali·

118 4738 202 4787 tatem
217 4730 239 4803 (l
257 4732 324 4786 Tim.
339 4748 378 4798 vr,
402 4728 466 4800 llil?
490 4728 577 4783 urse.
602 4723 776 4781 Nullatenus
796 4727 831 4782 ad
848 4727 940 4781 solam

120 4801 213 4860 Patris
240 4819 375 4858 ersonam
384 4800 517 4874 pertinet,
528 4799 596 4853 dum
607 4796 715 4852 dicitur
723 4795 804 4852 solus
814 4803 899 4865 beris,
907 4797 941 4854 si·

116 4888 151 4929 vs
162 4874 192 4927 in
228 4890 291 4941 ovo,
304 4873 404 4929 sivein
417 4872 512 4928 Veteri
523 4870 720 4933 Testamenta,
732 4874 760 4924 et
771 4870 846 4940 quod
865 4869 941 4925 Deus

118 4943 201 5002 solus
213 4946 272 5000 sive
283 4945 337 5000 hoc
348 4945 407 5000 sive
429 4943 501 4998 illud
527 4941 632 4996 habeat
649 4939 694 4995 vel
714 4938 819 4995 iaciat:
837 4942 888 4995 sed
905 4941 941 4997 ad

118 5020 211 5072 totana
223 5015 395 5071 Trinitatem
408 5020 551 5079 sanctem,
563 5016 684 5084 quaeest
697 5028 774 5067 unus
787 5010 864 5066 Deus
879 5029 941 5067 orn·

119 5087 266 5159 bipotens,
281 5089 380 5142 omnia
395 5085 502 5141 taciens
518 5101 580 5155 qua
601 5086 631 5139 in
647 5083 719 5138 coelo
732 5091 755 5138 et
774 5082 803 5138 in
819 5089 905 5140 terra.

156 5158 229 5214 ΚΝ.
247 5160 303 5213 lar.
320 5157 470 5222 Quomodo
494 5157 598 5210 beatus
621 5156 748 5210 loannes
764 5156 942 5226 evengelista

118 5230 202 5301 dicit,
221 5235 309 5285 Deum
323 5244 403 5283 aterno
417 5226 752 5296 viditanqoamtteon.1.
766 5227 943 5299 18)ῖοῖίροο

120 5301 265 5358 Dominus
281 5302 309 5356 in
326 5300 383 5355 alio
398 5298 470 5362 loco,
488 5299 569 5352 flecti
582 5296 686 5351 manao
700 5299 793 5361 cerate,
811 5300 944 5370 quoniam

119 5374 175 5444 ipsi
192 5378 279 5429 Deum
293 5372 424 5428 videbunt
438 5369 542 5497 qllotth.
556 5384 583 5434 v,
594 5368 623 5435 8)
633 5366 648 5422 ‘l
659 5372 687 5421 ct
701 5369 857 5439 Apostolus
868 5370 943 5425 iuvi·

120 5442 234 5501 sibilem
246 5444 338 5499 Deum
351 5442 436 5512 dicit(
469 5442 537 5497 Tim.
550 5456 570 5506 1,
585 5440 617 5493 lt
627 5438 642 5492 l
653 5438 738 5495 Rssr.
756 5439 851 5496 Videri
864 5441 943 5499 enim

119 5520 216 5587 potest
227 5515 315 5581 Deus,
326 5515 353 5569 id
367 5518 422 5574 est.
436 5510 558 5583 intelligi
576 5510 737 5565 secundum
758 5528 817 5566 sues
832 5511 943 5569 donum

118 5588 233 5659 gratia,
245 5588 304 5644 siva
310 5584 480 5655 abhngelis,
489 5583 548 5638 sive
556 5583 592 5637 ab
599 5582 755 5637 auirnabus
763 5590 941 5641 sanctorum:

140 5658 237 5715 lenem
248 5675 315 5715 vero
326 5656 487 5713 divinitatis
500 5658 635 5710 natarum
647 5669 700 5708 nec
718 5654 840 5726 angelus
855 5656 943 5727 quili-

118 5675 179 5797 la,
195 5747 249 5788 nec
263 5734 432 5787 sanctornm
447 5726 555 5799 aliquis
573 5725 699 5796 perlecta
714 5723 876 5799 intelligere
891 5745 942 5802 po·

117 5801 189 5862 terit
201 5800 267 5862 ideo
281 5796 587 5876 incomprehensibilis
601 5796 708 5857 dicitur
721 5797 808 5857 Deus.

529 244 788 319 QUAESTIUNUS
810 247 863 309 bu
884 247 1098 311 TlilNlThThi
1120 250 1170 310 UT
1192 247 1243 311 llll
1266 244 1419 309 sunuel.

1749 247 1827 308 tiss

1036 379 1095 436 xv.
1107 380 1164 436 her.
1177 379 1257 447 Quod
1270 378 1381 435 sanctis
1392 392 1542 433 summam
1554 376 1737 460 promittitur
1751 394 1823 450 pre-

1000 453 1095 507 mium
1111 457 1219 507 aterna
1234 450 1284 506 Dei
1303 451 1388 517 visio,
1404 466 1442 505 an
1458 449 1607 521 aqualiter
1626 449 1765 505 videbunt
1779 449 1823 506 vel

1000 522 1188 596 intelligent?
1204 524 1291 578 iisse.
1308 521 1480 577 Nullatenus
1498 519 1648 592 aqualiter
1662 537 1764 577 omnes
1779 520 1824 578 vel

1001 594 1101 664 Angeli
1114 595 1156 649 vel
1167 596 1272 649 anima
1284 598 1450 648 sanctorum
1464 592 1554 647 Deum
1566 591 1610 647 vel
1621 608 1698 648 nunc
1712 592 1822 666 vident,

1000 664 1043 721 vel
1060 670 1126 735 post
1147 666 1390 721 resurrectionem
1407 664 1567 719 videbunt:
1594 664 1644 718 sed
1660 664 1823 720 secundum

999 738 1147 792 donatoris
1160 736 1409 808 dispensationem
1420 741 1448 791 et
1460 737 1629 790 meritorum
1639 735 1821 806 qualitatem.

1000 807 1208 880 Unusquisque
1219 806 1824 876 tamensullicienteminajnsvisionssuis

1000 877 1823 1003 meritishabehitheatitudiaem,necplusquoerctquam

1001 951 1127 1015 babebit,
1145 967 1198 1006 nec
1214 968 1245 1006 se
1260 951 1358 1005 minus
1374 949 1481 1005 habere
1495 966 1583 1021 quam
1609 949 1685 1005 uolet
1699 950 1735 1005 do
1749 951 1820 1007 ebit.

1037 1022 1109 1078 XVl.
1126 1025 1184 1079 lar.
1196 1024 1238 1077 An
1250 1022 1286 1077 ali
1312 1021 1360 1076 uid
1376 1022 1465 1076 distet
1483 1022 1512 1075 in
1533 1026 1599 1090 Deo,
1620 1037 1694 1087 esse,
1715 1021 1821 1091 vivere,

999 1093 1171 1165 intelligere,
1185 1095 1292 1165 posset
1328 1110 1388 1148 ase.
1401 1092 1573 1148 Nullatenus
1584 1091 1661 1147 aliud
1672 1097 1716 1147 est
1725 1094 1754 1147 in
1763 1093 1821 1149 Deo

998 1179 1073 1232 esse,
1089 1164 1169 1220 aliud
1185 1166 1288 1235 rivere,
1310 1165 1354 1220 val
1376 1163 1454 1220 eliud
1481 1163 1654 1234 intelligere,
1680 1162 1723 1219 vel
1740 1163 1821 1221 aliud

999 1253 1085 1308 posse
1097 1253 1103 1291 :
1117 1236 1186 1308 quia
1197 1238 1272 1293 Deus
1283 1251 1315 1290 eo
1328 1236 1391 1307 ipso
1403 1252 1460 1318 quo
1480 1240 1534 1302 est,
1556 1234 1625 1290 vivit
1637 1254 1644 1303 3
1668 1240 1697 1291 et
1716 1252 1750 1292 eo
1763 1252 1821 1308 quo

998 1307 1077 1375 vivit,
1090 1307 1228 1379 intelligit
1240 1326 1247 1375 ;
1259 1313 1288 1363 et
1301 1322 1334 1362 eo
1345 1323 1402 1379 quo
1415 1305 1561 1378 intelligit,
1574 1312 1669 1378 potest
1679 1311 1708 1362 et
1718 1323 1751 1362 eo
1783 1323 1820 1364 uo

999 1378 1771 1451 potest,est:quiasimplexdeitetisnaturaunumha
1792 1384 1821 1435 et

998 1467 1072 1513 csse,
1088 1451 1194 1516 vivere,
1211 1450 1383 1522 intelligere,
1398 1453 1426 1504 et
1446 1448 1545 1505 cannia
1569 1454 1672 1520 potest.
1689 1449 1744 1505 Sed
1760 1466 1819 1506 non

998 1527 1043 1577 est
1057 1523 1098 1577 ita
1113 1521 1141 1576 in
1158 1522 1243 1577 nobis
1270 1522 1340 1576 dum
1356 1519 1435 1576 aliud
1452 1526 1496 1575 est
1511 1521 1538 1574 in
1551 1525 1656 1574 natura
1667 1522 1819 1577 postravi-

997 1609 1076 1675 sacre,¹
1088 1593 1166 1648 aliud
1184 1567 1356 1673 intelligere,
1369 1591 1448 1647 aliud
1461 1607 1555 1663 posse.
1569 1591 1600 1646 ln
1611 1591 1669 1647 Deo
1680 1608 1746 1649 vare
1757 1593 1819 1649 haee

998 1680 1097 1721 omnia
1111 1680 1204 1720 unum
1220 1669 1306 1735 atque
1322 1663 1399 1718 adem
1420 1668 1497 1718 sunt.

1033 1734 1117 1791 liVll.
1130 1736 1188 1791 lar.
1201 1736 1302 1793 Utrum
1316 1735 1353 1789 de
1369 1732 1440 1789 Filio
1456 1734 1531 1788 sicat
1545 1732 1655 1788 dicitur
1667 1732 1766 1790 lumen
1782 1734 1819 1790 de

997 1806 1208 1874 luminc,Deus
1237 1807 1272 1862 de
1299 1806 1368 1871 Deo,
1395 1811 1490 1876 potest
1514 1805 1571 1859 dici
1586 1806 1820 1876 omnipotensde

997 1880 1208 1950 omnipotente,
1224 1879 1318 1932 bonus
1329 1879 1364 1931 dc
1377 1878 1462 1941 bono,
1476 1892 1602 1947 magnus
1613 1876 1648 1931 de
1661 1893 1778 1948 magno,
1791 1880 1820 1933 et

996 1954 1100 2005 caetera
1110 1948 1178 2004 talia
1188 1950 1202 2004 ‘l
1212 1953 1293 2004 Rasr.
1312 1948 1493 2019 Regulariter
1508 1946 1608 2017 utique
1622 1951 1719 2002 tenere
1733 1948 1818 2004 debe-

997 2038 1075 2087 mus,
1086 2022 1163 2092 quod
1175 2020 1274 2075 emnia
1284 2024 1394 2075 natura
1405 2018 1525 2074 nomina
1535 2018 1686 2089 aqualiter
1695 2019 1731 2073 de
1746 2018 1819 2075 Filio

996 2089 1819 2164 dicipessuntsicutchatre:idest,sicutdiciturDeus

996 2164 1032 2219 de
1047 2163 1115 2231 Deo,
1131 2165 1230 2219 lumen
1246 2164 1281 2218 dc
1297 2161 1426 2227 lnnrine;
1445 2161 1486 2216 ita
1500 2162 1656 2215 dicendum
1669 2161 1820 2217 cotemni-

995 2241 1100 2307 potens
1115 2236 1151 2290 de
1171 2235 1388 2306 omnipotent03
1413 2232 1508 2287 bonus
1533 2232 1568 2287 de
1592 2232 1678 2297 bono,
1695 2249 1819 2305 magnus

996 2308 1031 2363 de
1048 2322 1173 2378 magno;
1190 2307 1240 2363 sed
1257 2322 1315 2361 aon
1330 2305 1372 2360 ita
1385 2305 1416 2358 in
1431 2303 1569 2358 relativis.

1031 2376 1128 2434 llVlll.
1145 2378 1203 2434 lrrr.
1221 2378 1277 2433 Sed
1296 2375 1442 2447 quomodo
1457 2376 1487 2429 in
1505 2371 1632 2429 relativis
1649 2372 1819 2430 nominibus

996 2449 1151 2504 dicendum
1167 2448 1234 2505 est?
1255 2449 1338 2503 Resr.
1350 2443 1818 2518 Nonpossumusdiccrelcrbum

996 2521 1032 2575 de
1043 2522 1146 2587 Verbo,
1160 2520 1229 2602 quia
1240 2518 1392 2576 relativum
1404 2534 1509 2574 nomen
1525 2522 1570 2571 est
1583 2516 1722 2584 Verbum,
1739 2515 1817 2588 quod

997 2590 1078 2647 solus
1089 2597 1134 2648 est
1146 2591 1252 2658 l'rlius3
1269 2592 1344 2645 sicut
1358 2590 1484 2645 dicimus
1499 2590 1589 2644 Deurn
1606 2588 1641 2643 de
1655 2588 1726 2656 Deo,
1740 2586 1818 2659 quod

996 2680 1053 2718 non
1065 2669 1110 2719 est
1120 2664 1199 2720 solus
1210 2661 1314 2718 Filius:
1326 2660 1545 2732 neclmeginem
1556 2661 1591 2714 de
1599 2658 1818 2783 imagine,quia

996 2734 1077 2790 solus
1088 2739 1133 2790 est
1143 2733 1232 2789 Filius
1253 2735 1352 2805 lmago
1370 2734 1405 2805 (ΙΙ
1427 2734 1487 2787 (lor.
1507 2749 1546 2799 av,
1560 2731 1577 2785 t
1589 2756 1596 2796 ;
1609 2730 1706 2786 Culusa.
1720 2747 1739 2798 1,
1768 2732 1817 2801 5),

996 2806 1073 2862 οἰοιοῖ
1084 2805 1210 2861 ιῖίοἰιιιιοο
1221 2804 1320 2859 ῖιιιιιοιι
1332 2806 1368 2861 ιίο
1379 2803 1500 2865 ῖιοιιιίιιο,
1513 2803 1591 2872 qaod
1607 2817 1664 2855 nou
1680 2806 1725 2857 est
1738 2801 1818 2857 solus

997 2876 1087 2933 Filius
1102 2876 1171 3004 quia
1187 2876 1381 2932 substantiale
1396 2891 1503 2930 nomen
1519 2878 1563 2929 est
1578 2873 1686 2928 lumen.

1031 2948 1096 3005 xlx,
1122 2966 1167 3003 rar.
1180 2948 1328 3020 Numquid
1340 2946 1417 3003 aliud
1431 2948 1530 3000 lumen
1540 2949 1584 3000 est
1597 2944 1687 3009 Pater,
1699 2947 1727 2997 ct
1737 2941 1817 2999 aliud

996 3018 1193 3075 Filiusiltnsr.
1205 3020 1396 3092 Nequaquam
1408 3017 1498 3085 aliud,
1508 3016 1659 3072 sedunum
1669 3014 1819 3071 lumencst

997 3091 1080 3147 Pater
1090 3098 1119 3146 et
1129 3091 1229 3158 Filius,
1242 3093 1317 3146 sicut
1330 3106 1388 3145 uua
1398 3089 1575 3144 substantia.
1590 3087 1655 3142 ldeo
1665 3091 1741 3141 recte
1750 3084 1819 3141 dici·

996 3167 1046 3219 tur
1057 3163 1154 3217 lamen
1167 3162 1202 3217 de
1213 3162 1334 3227 lumine,
1345 3162 1423 3215 sicut
1435 3160 1555 3215 Deuade
1570 3158 1638 3213 Deo.
1649 3158 1729 3213 Sicut
1739 3156 1818 3212 enirn

997 3250 1074 3289 unus
1088 3240 1133 3289 est
1147 3233 1226 3288 Deus
1242 3232 1327 3288 Pater
1340 3237 1369 3289 et
1381 3231 1482 3295 Filius,
1498 3231 1539 3284 ita
1555 3245 1648 3285 unum
1664 3230 1774 3284 lumen.

1031 3305 1088 3360 llll.
1110 3306 1165 3360 lar.
1188 3304 1334 3375 Legimus,
1359 3302 1496 3374 Apostole
1521 3302 1645 3367 dicente,
1671 3300 1818 3356 Christum

997 3376 1046 3432 Dei
1061 3392 1125 3431 esse
1139 3377 1277 3431 virtutem
1293 3380 1322 3430 et
1337 3374 1387 3430 Dei
1410 3374 1584 3445 sapientiam
1601 3373 1622 3441 (l
1640 3371 1701 3426 Cer.
1719 3388 1737 3436 r,
1752 3370 1817 3439 st),

996 3447 1139 3519 numquid
1152 3448 1236 3502 Pater
1246 3463 1304 3501 raon
1316 3446 1403 3501 habet
1419 3446 1448 3498 in
1460 3460 1490 3499 sc
1506 3443 1691 3515 sapientiam,
1707 3444 1751 3495 vel
1761 3442 1820 3495 vir-

996 3523 1102 3582 tutem,
1115 3516 1171 3573 nisi
1183 3518 1211 3571 in
1224 3516 1306 3585 Filio,
1318 3533 1404 3598 quem
1417 3522 1437 3569 Α
1443 3512 1575 3587 ροοῖοίιιο
1586 3512 1758 3583 sapientiam
1769 3508 1820 3567 uei

996 3593 1025 3644 et
1039 3589 1172 3643 virtutem
1193 3587 1379 3642 nominavit?
1392 3586 1478 3641 ltssr.
1488 3584 1609 3640 Plurimi
1625 3583 1665 3637 ita
1688 3582 1819 3639 arianam

995 3654 1820 3730 destruuntimpietatem,diucntesimpiumessecredere

998 3748 1129 3803 unquam
1141 3735 1230 3785 Deum
1242 3729 1356 3787 Patrem
1372 3745 1436 3785 csse
1451 3728 1514 3784 siae
1530 3744 1583 3783 sua
1599 3725 1753 3797 sapientia,
1769 3728 1821 3781 aut

997 3803 1061 3859 aine
1073 3818 1128 3857 sue
1140 3802 1257 3857 virtute.
1273 3801 1325 3856 Sed
1343 3800 1449 3856 melius
1464 3804 1509 3854 est
1524 3797 1685 3869 intelligere
1703 3800 1818 3852 Patrem

996 3869 1818 3945 esscsapientiamettirtutcm3imoetSpiritumsanctum

996 3946 1170 4017 sapientiam
1183 3951 1212 3999 et
1222 3944 1359 3998 virtutem
1372 3960 1378 3998 :
1389 3960 1445 3998 non
1457 3949 1554 3997 tanaen
1566 3946 1626 3996 tres
1636 3939 1819 3995 virtutcsneo

995 4022 1055 4073 tres
1070 4016 1246 4088 sapientias,
1263 4016 1333 4087 quia
1347 4014 1491 4097 sapientie
1505 4010 1700 4068 substantiale
1710 4026 1818 4066 nomen

994 4092 1050 4155 est,
1067 4087 1144 4143 sicat
1158 4087 1262 4143 virtus.
1279 4087 1336 4143 Neo
1350 4085 1430 4142 aliud
1455 4088 1501 4141 est
1524 4085 1553 4139 in
1569 4088 1625 4139 Deo
1647 4099 1722 4153 esse,
1738 4080 1816 4137 aliud

994 4176 1106 4231 sapere,
1123 4157 1202 4215 aliud
1220 4175 1322 4231 posse:
1338 4158 1390 4214 sed
1413 4174 1506 4212 unum
1530 4160 1574 4210 est
1598 4155 1656 4210 Deo
1679 4170 1754 4225 esse,
1769 4169 1818 4209 aa·

998 4246 1295 4358 pellllllllsrlUtram
1310 4299 1344 4354 ad
1362 4298 1455 4355 solam
1470 4295 1563 4354 sancti
1576 4294 1707 4378 Spiritus
1717 4310 1819 4366 perso·

996 4390 1063 4430 uam
1081 4373 1224 4445 pertineat
1238 4371 1376 4438 charitas,
1394 4371 1463 4424 dum
1480 4366 1630 4440 apostolus
1652 4366 1733 4429 dicit,
1748 4366 1820 4422 Ιῖοιιο

994 4448 1116 4501 obrutos
1130 4450 1168 4500 eat
1183 4444 1206 4515 (l
1221 4443 1299 4498 leon.
1320 4459 1359 4511 iv,
1385 4442 1440 4512 16),
1465 4440 1514 4509 qui
1539 4438 1656 4495 dilectio
1681 4436 1775 4495 Patris
1791 4440 1820 4494 et

997 4517 1059 4573 Filii
1070 4533 1135 4571 esse
1147 4515 1273 4587 tegitur?
1283 4514 1368 4570 liner.
1379 4511 1554 4569 Nullatenus
1563 4510 1605 4565 ita
1615 4508 1741 4580 Spiritus
1751 4525 1819 4565 san·

996 4580 1819 4667 ctuscharitasintelligitur,quasinonsitPatcretFilius

996 4659 1132 4716 charitas.
1150 4659 1231 4715 Sicut
1243 4657 1369 4729 Spiritus
1384 4660 1505 4713 sanctus
1520 4659 1564 4709 est
1580 4652 1720 4719 ebaritas,
1735 4651 1775 4708 ita
1790 4658 1820 4709 et

995 4732 1080 4788 Pater
1090 4734 1133 4785 est
1144 4728 1281 4797 charites,
1294 4734 1322 4783 st
1333 4726 1423 4784 Filius
1433 4732 1478 4781 est
1487 4724 1616 4781 charites
1628 4741 1634 4781 :
1647 4741 1706 4779 non
1718 4728 1817 4779 temen

995 4807 1054 4858 tres
1065 4801 1232 4867 charitates,
1244 4800 1296 4856 sed
1307 4815 1367 4856 una
1385 4798 1524 4854 charitas.
1546 4798 1602 4853 Sed
1614 4795 1682 4866 quia
1691 4795 1818 4866 Spiritus

995 4877 1116 4931 sanctus
1132 4874 1242 4928 donum
1269 4872 1317 4926 Dei
1342 4886 1393 4942 pro
1417 4869 1457 4925 rie
1479 4869 1586 4924 dicitur
1610 4868 1677 4935 (etet.
1695 4882 1726 4933 11,
1741 4865 1819 4920 3801

995 4962 1056 5015 ιιιιι,
1072 4946 1129 5016 20),
1147 4949 1175 4999 οῖ
1190 4942 1304 4997 nullum
1319 4941 1370 4998 Dei
1405 4957 1493 4996 onum
1505 4939 1645 4995 charitate
1656 4936 1818 5007 malusest,

996 5018 1056 5072 imo
1071 5016 1134 5071 sine
1144 5032 1177 5071 eo
1189 5013 1303 5069 nullum
1315 5014 1425 5069 donum
1437 5013 1471 5068 ad
1486 5015 1654 5083 perpetuam
1667 5008 1817 5063 homiuem

996 5088 1140 5143 deducere
1167 5086 1272 5158 poterit
1299 5083 1519 5141 beatitudinem.
1543 5078 1667 5207 proinde
1690 5078 1819 5149 Spiritus

997 5164 1117 5215 sanctus
1153 5157 1248 5229 roprie
1263 5156 1371 5212 dicitur
1389 5154 1515 5210 ebaritas
1530 5154 1538 5223 t
1564 5166 1617 5205 orn.
1630 5167 1658 5221 v,
1672 5150 1711 5221 5).

1032 5229 1115 5285 llllll.
1128 5174 1186 5285 lar.
1200 5228 1346 5299 Numquid
1357 5225 1439 5296 impii
1451 5224 1526 5279 dona
1539 5222 1586 5277 bei
1598 5219 1725 5277 bahent?
1734 5220 1819 5276 iisse.

997 5301 1112 5357 Habent
1122 5301 1223 5373 utique
1237 5317 1287 5372 per
1297 5314 1373 5364 eum,
1387 5296 1436 5369 qui
1448 5292 1821 5351 illurninatournembomi-

997 5389 1064 5429 nem
1077 5372 1240 5428 venientem
1252 5374 1280 5427 in
1294 5370 1372 5425 bunc
1388 5369 1531 5424 marndum
1545 5367 1632 5437 (loca.
1651 5382 1669 5432 ι,
1685 5364 1723 5435 9),
1740 5364 1772 5419 ln
1787 5380 1821 5419 co

997 5445 1077 5501 enim
1093 5461 1208 5503 sumus.
1224 5456 1385 5509 movemur,
1401 5444 1429 5496 ct
1442 5438 1568 5493 vivimus
1590 5438 1657 5505 (Act.
1679 5435 1819 5505 xv11,28).

999 5516 1076 5571 Bnna
1085 5520 1155 5571 sunt
1164 5514 1242 5570 enirn
1254 5513 1331 5568 dona
1344 5512 1391 5567 Uei
1403 5509 1506 5582 eisqui
1522 5510 1595 5565 bene
1610 5512 1736 5563 utuntur
1749 5506 1819 5564 illis.

998 5589 1066 5643 ldeo
1090 5585 1217 5642 charitas
1239 5582 1387 5654 singulare
1410 5590 1456 5639 est
1478 5582 1509 5637 in
1524 5579 1635 5635 sanctis
1650 5577 1772 5645 doniam,
1788 5579 1818 5634 in

998 5676 1055 5730 qua
1071 5658 1122 5711 lilii
1138 5656 1187 5712 Dei
1205 5656 1412 5711 discernuntur
1425 5670 1443 5709 e
1458 5653 1529 5708 liliis
1544 5650 1713 5723 impietatis.

1032 5728 1129 5784 Xh'lll.
1147 5728 1200 5784 ἰιτ.
1218 5729 1312 5793 Quare
1340 5726 1365 5781 si
1392 5725 1470 5783 Deus
1494 5728 1574 5782 totus
1593 5721 1703 5795 abique
1716 5723 1772 5784 est,
1788 5719 1818 5773 in

1001 5800 1073 5859 caelo
1086 5799 1194 5857 dicitur
1208 5800 1303 5873 magia
1316 5798 1452 5859 babitare
1465 5813 1556 5872 qaam
1570 5794 1602 5855 in
1616 5792 1717 5854 terrai
1730 5792 1826 5849 assa.
