3908 6128
111 280 172 343 505
654 284 770 346 LIBER
796 284 1034 350 sarcasmus
1060 284 1276 349 SECUNDUS.
1762 285 1823 348 tue

115 415 310 487 Quacumque
318 412 428 488 scripta
437 425 506 472 suut
516 416 706 476 inillislibris
716 400 945 475 Veteris'l'esta·¹
1027 418 1100 482 Ouia
1115 418 1206 474 multa
1219 418 1331 475 suntin
1342 417 1506 475 eisetinter
1517 416 1650 475 seetsibi
1662 418 1821 477 contrarie.
1925 470 1928 475 .

117 503 205 561 monti
219 502 328 571 omnia,
340 504 588 578 verissimeatque
600 507 757 563 utilissime
767 524 818 579 pro
829 511 937 563 aterna
990 505 1114 564 Omnino
1132 508 1325 564 t'alsiasimum
1341 513 1401 575 sst3
1413 524 1464 564 vos
1479 525 1536 563 non
1553 506 1729 580 intelligitis.
1745 506 1819 563 Nam

114 593 287 666 vitascripta
298 593 539 661 esselaudamus,
550 596 937 669 accipimusapprobemus:
987 595 1111 669 quiquid
1129 595 1185 653 tale
1201 596 1324 668 protulit
1339 598 1474 660 Faustus,
1492 598 1570 669 quod
1586 596 1668 653 vobis
1685 596 1726 653 ita
1740 597 1820 654 vide·

117 682 165 739 sed
176 682 281 755 quain
292 682 339 739 bis
354 684 494 741 mandute
505 687 513 721 ¹
526 686 671 758 corporali
693 686 862 759 operatione
879 703 938 742 non
989 690 1079 756 retur,
1097 685 1136 741 ita
1147 702 1204 741 ηοη
1221 701 1285 742 esse
1297 690 1496 743 monstratum
1507 690 1553 742 est
1568 703 1575 741 :
1589 691 1617 743 et
1627 685 1820 759 quiquidtale

118 772 316 838 observamus,
332 777 361 829 et
380 773 542 831 rectissime
557 780 628 832 ωηο
646 776 784 832 mandata
799 775 938 848 intelligi·
990 774 1096 832 avobie
1111 774 1257 846 prolatum
1268 776 1365 840 luerit,
1376 775 1429 831 boc
1440 775 1621 832 docebimus.
1632 774 1703 840 Quis
1714 780 1812 831 autem

119 862 356 929 mus,etumbras
369 861 535 920 futurorum
552 881 615 921 esse
633 865 802 936 didicimus,
818 870 847 920 et
861 881 939 921 nunc
990 864 1073 935 serat,
1086 862 1221 920 lectorem
1233 863 1744 937 velauditorem,Scripturamtauta
1761 880 1813 919 au·

116 949 179 1022 jam
195 948 312 1023 impleri
328 953 544 1023 cognoscimus.
557 956 596 1010 Ae
607 972 658 1026 per
673 961 728 1011 boc
743 955 878 1027 quisquis
889 953 940 1009 illa
991 954 1136 1010 ctoritalis
1145 952 1261 1010 facilius
1272 953 1537 1025 quamvitiumsua
1548 953 1815 1015 tarditatis.audere

118 1042 188 1095 tunc
201 1039 398 1113 etiamopera,
413 1059 476 1113 que
495 1042 506 1077 ²
521 1043 557 1099 ad
569 1042 941 1117 significandumagijube-
992 1042 1134 1115 culpare?
1145 1044 1188 1099 An
1215 1043 1269 1100 boc
1294 1043 1390 1099 dicitis
1407 1058 1458 1098 vos
1477 1040 1654 1099 Paracletum
1666 1042 1816 1110 docuisse,

118 1128 234 1196 bantur,
251 1145 310 1185 non
327 1129 509 1198 observabat,
525 1148 625 1204 peenas
640 1132 780 1190 divinitus
798 1134 940 1190 constitu·
991 1131 1818 1204 ScripturasistasApostolorumnonesse,sedsubeorum

119 1220 163 1273 tes
186 1217 350 1275 rectissimo
369 1219 483 1291 judicio
507 1221 700 1293 persolvebat,
718 1223 795 1278 sicut
818 1238 896 1278 nunc
916 1222 941 1278 si
993 1218 1822 1294 nominibusabillisesseconseriptam‘lHoosaltemdo·

118 1304 184 1378 quis
199 1310 385 1363 sacramenta
399 1308 471 1364 Novi
485 1310 665 1367 Testamenti
677 1328 729 1383 pro
743 1311 884 1384 temporis
896 1328 941 1367 ra·
993 1310 1159 1379 oete,istum
1174 1311 1272 1384 ipsum
1287 1309 1469 1368 Paracletum
1479 1325 1554 1375 esse,
1567 1327 1584 1366 a
1598 1324 1657 1382 quo
1673 1308 1819 1366 didicistis

118 1394 196 1451 done
221 1395 364 1453 distincta
386 1398 474 1454 tuerit
494 1415 585 1455 ausus
613 1399 755 1473 sacrilega
779 1400 944 1458 temeritate
994 1399 1056 1456 hec
1071 1399 1271 1473 apostolorum
1287 1417 1345 1457 uon
1362 1397 1818 1471 csse.Andicetis,lpsumeri·

119 1481 236 1541 violare.
262 1487 511 1552 Quemadmodum
533 1489 611 1545 enim
628 1494 696 1545 tunc
708 1490 783 1561 justi
805 1488 871 1561 viri,
892 1489 943 1563 qui
995 1492 1061 1545 stus
1073 1487 1218 1561 promisit,
1228 1493 1257 1545 et
1265 1488 1361 1544 misit‘l
1374 1488 1578 1560 [despondetur
1588 1487 1680 1555 vobis,
1693 1486 1818 1542 Omnino

121 1586 171 1644 pro
200 1572 260 1630 illis
285 1577 477 1633 sacramentis
504 1594 556 1634 neo
578 1583 702 1635 mortem
726 1582 943 1647 recusaverunt,
996 1577 1087 1635 istum
1102 1578 1238 1634 Christus
1254 1574 1821 1651 necpromisit,necmisit;etsimulos·

119 1662 183 1734 iure
195 1661 507 1733 laudantur;itanunc
517 1684 567 1740 pro
576 1667 642 1724 istis
650 1673 793 1741 martyres
803 1668 945 1724 sanctiblt
996 1666 1136 1733 tenditur,
1153 1668 1270 1741 quando
1283 1666 1396 1724 miserit
1404 1683 1490 1740 quem
1504 1665 1647 1739 promisit.
1660 1666 1741 1731 Quod
1752 1680 1821 1737 ergo

124 1751 197 1808 sicut
220 1768 298 1825 ager
320 1770 378 1811 non
394 1756 480 1812 debet
502 1756 715 1828 reprehendere
740 1756 944 1814 medicinalem
997 1771 1063 1812 eum
1080 1755 1213 1813 Christus
1229 1756 1353 1821 miserit,
1376 1757 1431 1812 boc
1447 1756 1576 1827 probate.
1594 1754 1676 1811 Unde
1689 1753 1822 1811 asseritis
1924 1754 1927 1759 '

127 1840 299 1910 doctrinam,
318 1844 343 1899 si
370 1843 449 1900 aliud
475 1843 516 1900 illi
542 1845 629 1903 hodie
658 1847 835 1919 preceperit,
865 1846 945 1903 aliud
998 1862 1152 1917 personam
1178 1846 1266 1901 vestri
1281 1845 1421 1913 auctoris,
1441 1845 1485 1901 vel
1509 1845 1607 1916 potius
1629 1840 1823 1917 deceptoris?
1930 1880 1933 1885 -

131 1945 199 1997 cras,
215 1931 376 2005 prohibens
390 1933 478 1990 etiam
502 1936 580 2007 quod
604 1940 672 1992 ante
695 1939 879 2008 preceperat
903 1936 946 1993 sic
997 1934 1238 2006 Respondetis,ex
1247 1934 1399 2007 Evangelio
1410 1951 1460 1990 vos
1470 1934 1602 2006 probare.
1615 1934 1719 2006 Exque
1732 1932 1823 1989 Evan-

133 2018 201 2077 euim
217 2035 248 2077 se
265 2019 947 2098 babetsenandiejuscorporisrstio:itagenus
998 2023 1096 2097 golia?
1120 2024 1200 2089 Quod
1221 2040 1279 2080 uon
1299 2029 1393 2080 totum
1418 2023 1564 2096 accipitis,
1584 2022 1661 2094 quod
1682 2020 1821 2078 falsatum

136 2107 290 2167 humanum
305 2113 342 2168 ab
357 2112 451 2168 Adam
468 2130 561 2185 usque
576 2114 605 2170 iu
620 2116 708 2171 linem
719 2113 828 2180 saculi,
842 2130 947 2186 quam·
999 2130 1064 2170 esse
1078 2130 1129 2170 vos
1145 2113 1253 2170 dicitis.
1270 2114 1340 2178 Quis
1355 2130 1423 2187 erge
1439 2117 1544 2170 testem
1559 2128 1646 2169 suum
1658 2112 1739 2186 prius
1756 2111 1819 2183 ipse

137 2197 176 2255 diu
197 2215 305 2272 corpus
324 2201 403 2272 quod
427 2203 634 2275 corrumpitur,
657 2206 795 2276 aggravat
818 2203 947 2259 animam
999 2203 1094 2259 dicate
1109 2202 1236 2259 falsitate
1250 2217 1314 2259 esse
1337 2207 1519 2275 corruptum,
1539 2206 1568 2258 ct
1586 2205 1656 2257 tuuc
1679 2201 1822 2274 producte

138 2286 200 2360 (Sep.
215 2305 255 2357 rx,
273 2289 550 2364 elegantemque
565 2292 711 2361 saucium,
726 2309 795 2362 non,
811 2293 897 2349 debet
908 2293 949 2348 di·
1000 2292 1036 2349 ed
1051 2291 1276 2349 testimonium?
1291 2292 1320 2349 Si
1337 2292 1414 2348 enim
1426 2292 1504 2364 quod
1514 2290 1605 2347 vultis
1619 2290 1645 2347 ei
1659 2290 1818 2358 credimus,

139 2376 257 2433 viniuam
271 2380 482 2452 reprehendere
494 2381 680 2452 medicinam,
688 2381 713 2438 si
727 2382 757 2437 in
768 2383 948 2453 quibusdam
999 2386 1029 2438 ct
1043 2382 1121 2454 quod
1137 2397 1194 2438 non
1210 2381 1300 2437 vultis
1315 2381 1340 2437 oi
1358 2396 1416 2437 non
1431 2381 1589 2449 credimus,
1605 2381 1669 2452 jam
1690 2396 1747 2436 non
1765 2379 1820 2450 illi,

139 2462 281 2533 bocidsm,
296 2467 326 2524 in
342 2469 519 2540 quibusdam
534 2486 600 2526 vero
610 2469 689 2527 eliud
701 2471 794 2542 prius,
805 2470 885 2526 aliud
897 2487 950 2543 po·
999 2471 1051 2527 aed
1066 2472 1148 2528 vobis
1165 2471 1324 2527 credimus.
1345 2470 1374 2526 Si
1390 2473 1488 2526 autem
1502 2469 1585 2526 vobis
1604 2469 1721 2526 credere
1734 2466 1825 2525 volle-

139 2556 239 2624 tterius,
251 2557 467 2614 observandum
475 2573 540 2630 esee
551 2559 690 2633 precipit
706 2560 868 2631 prasertim
879 2560 949 2631 quia
1000 2576 1079 2629 mus,
1095 2564 1200 2615 testem
1216 2576 1233 2615 a
1247 2557 1329 2616 vobis
1346 2575 1405 2614 non
1420 2559 1612 2628 exigeremus.
1624 2558 1733 2615 Deinde
1742 2573 1825 2630 pare·

140 2643 249 2702 ssaliud
262 2651 474 2720 praecepturam
491 2664 555 2704 csse
568 2648 713 2720 promisit.
1000 2648 1093 2705 cletus
1108 2648 1236 2720 Spiritus
1252 2652 1372 2705 sanctus
1387 2648 1430 2704 sic
1444 2652 1490 2704 est
1504 2647 1679 2719 promissus,
1695 2650 1729 2702 ut
1742 2647 1823 2703 dice·

166 2734 279 2791 CAPUT
296 2735 355 2792 XV.
368 2736 498 2793 -Nulla
512 2753 581 2810 ergo
597 2737 775 2809 comparatio
788 2741 842 2806 est,
857 2754 948 2809 quam
1000 2737 1152 2804 retur,lpee
1167 2753 1211 2794 eos
1225 2737 1335 2793 inducet
1350 2737 1653 2793 inosnmmoeritutem
1668 2736 1819 2807 (Ionnxvr,

142 2820 403 2895 bustusobtendit,
420 2826 460 2882 ita
474 2825 555 2883 vobis
572 2825 795 2882 Paracletumex
806 2825 948 2882 NovoTe·
999 2827 1063 2895 l3):
1083 2827 1230 2900 quomodo
1245 2832 1407 2883 vosautem
1431 2824 1481 2882 ille
1494 2826 1606 2883 inducet
1619 2824 1648 2879 in
1663 2826 1817 2893 veritatem,

143 2916 272 2971 umento
285 2915 364 2986 quod
379 2915 503 2971 credatis
518 2915 651 2986 elegisse,
668 2920 696 2970 et
711 2915 787 2986 quod
803 2915 949 2987 respuatis
1000 2916 1051 2989 qui
1067 2932 1116 2972 vos
1131 2917 1214 2973 docet
1228 2915 1375 2972 Christum
1387 2912 1686 2973 esselallacem‘llluc
1697 2913 1821 2982 accedit,

143 2999 383 3071 demonstravisse,
401 3021 467 3059 cum
487 3004 550 3076 ipse
569 3004 647 3060 Novo
662 3005 849 3060 Testamento
862 3004 949 3061 tuerit
1000 3005 1090 3078 quisi
1105 3006 1203 3062 omnia
1217 3022 1281 3078 qua
1291 3006 1327 3062 de
1336 3004 1530 3078 promissione
1540 3002 1679 3061 Paracleti
1691 3004 1721 3058 in
1732 3003 1822 3060 Evan-

133 3091 326 3165 'propbstatum
339 3092 949 3166 sioutnobistristusfecitexVeters‚quo
1000 3093 1076 3168 gelio
1091 3094 1240 3168 leguntur,
1256 3093 1327 3150 talia
1348 3110 1412 3150 csse
1433 3092 1686 3158 demonstraretis,
1711 3096 1744 3148 ut
1766 3108 1824 3149 non

143 3177 667 3255 ciuiliterprophetatusest.lloceuim
685 3181 783 3254 aliqua
795 3183 948 3239 verisimili
1000 3184 1120 3239 omnino
1136 3183 1193 3240 nisi
1208 3184 1245 3240 de
1265 3183 1424 3240 Manicbaeo
1440 3187 1537 3240 vestro
1552 3186 1671 3254 possent
1685 3180 1820 3255 intelligi,
1854 3236 1858 3243 ,

144 3268 238 3327 ratione
252 3269 408 3337 diceretur,
426 3270 452 3326 ai
467 3274 543 3328 esset
556 3269 667 3343 aliquid
683 3272 713 3327 in
728 3269 948 3327 VeterisTesta-
1000 3272 1076 3329 sicut
1105 3274 1301 3329 ostenduntur
1324 3273 1353 3327 in
1381 3271 1532 3344 prophetis
1556 3287 1590 3328 ea
1612 3287 1677 3329 esse
1691 3270 1770 3327 dieta
1783 3270 1819 3328 de

144 3359 221 3415 nenti
235 3358 330 3427 libris,
340 3360 417 3432 quod
426 3376 481 3417 nes
491 3360 655 3416 diceremus
666 3378 723 3416 nou
734 3364 811 3416 recte
824 3361 947 3433 dictum,
1000 3361 1125 3428 Christo,
1142 3379 1206 3434 quae
1222 3363 1251 3417 in
1264 3362 1355 3417 elium
1365 3362 1468 3417 cadere
1478 3361 1597 3418 omnino
1609 3377 1665 3416 non
1675 3360 1788 3432 possint
1797 3359 1818 3428 ¹,

145 3460 188 3504 non
202 3448 545 3522 divinitusjussum,non
559 3449 699 3505 veraciter
713 3449 949 3522 scriptumNibil
999 3456 1173 3507 tamencum
1184 3448 1820 3522 eadeiiscodicibusproferetis,quosdicitie

144 3531 232 3593 mium
243 3536 444 3594 dicimuszsed
459 3537 621 3611 accipimus
631 3538 729 3594 omnia
741 3538 802 3595 sivo
816 3555 881 3611 que
895 3539 950 3596 ob·
1000 3539 1166 3607 infalsatos,
1177 3538 1335 3610 hocipeum
1344 3537 1402 3595 illio
1418 3536 1561 3595 salsumet
1571 3555 1588 3593 a
1599 3537 1820 3608 corruptoribus

144 3636 289 3694 erramus,
302 3631 335 3683 ut
350 3632 426 3683 rents
436 3627 581 3696 vivemus;
593 3628 725 3700 sivequa
740 3645 798 3684 non
814 3628 949 3685 observa·
999 3629 1163 3701 majoribus
1178 3628 1282 3685 vestris
1294 3628 1460 3683 immissum
1478 3642 1543 3683 esse
1556 3626 1730 3696 diceremus,
1740 3625 1819 3698 quod

144 3721 349 3780 nus,uttamen
360 3721 389 3773 et
398 3717 462 3790 ipsa
472 3721 542 3772 tunc
558 3717 586 3771 iu
598 3716 843 3789 prophetiajussa
857 3722 886 3773 et
900 3716 950 3774 ob·

143 3805 393 3878 umatanuncjam
405 3804 547 3878 compleri
568 3806 731 3863 videamus.
743 3806 851 3863 Deinde
862 3806 949 3863 Para·

141 3889 234 3951 cletum
245 3894 324 3952 sieut
336 3895 516 3967 promissum
527 3894 652 3967 legimus
666 3896 695 3951 in
711 3894 747 3951 iis
766 3894 860 3964 libris,
876 3912 949 3968 quo-

141 3996 194 4039 rum
206 4000 266 4040 non
275 3984 374 4039 omnia
384 3983 474 4041 vultis
482 3984 623 4056 accipere;
642 3983 853 4041 itaetmissum
877 3982 948 4058 legi-

138 4085 193 4129 mus
202 4072 233 4128 in
244 4071 463 4146 eolibro,quem
475 4074 626 4130 nominare
634 4074 721 4130 etism
733 4073 908 4143 formidatis,
917 4074 949 4130 ln

136 4161 364 4234 actibusquippe
376 4160 593 4234 Apostolorum,
604 4160 716 4219 sicutct
733 4169 846 4235 eepeet
861 4163 949 4236 paulo

134 4254 193 4308 ente
212 4250 452 4321 commemoravi,
468 4250 652 4323 apertissime
668 4251 894 4325 legiturmissus
904 4252 950 4309 die

130 4338 312 4399 Pentecostes
321 4340 445 4413 Spiritus
456 4341 736 4414 sanctus,quietiam
752 4358 838 4414 opere
853 4342 949 4399 mani-

129 4426 949 4503 loemvitquisesset.Linguisenimomnibuslocutisunt,

126 4518 395 4592 quieumprimitus
407 4520 647 4592 aeceperuntplc.
660 4520 691 4592 u)
700 4536 706 4574 :
715 4519 901 4576 utbocetiam
913 4520 952 4577 si-

125 4622 182 4683 guo
196 4608 688 4682 promitteretinlinguisomnibus,
700 4608 811 4673 bocest,
820 4608 848 4663 in
858 4609 952 4665 omni·

124 4695 947 4770 busgentibuslutursmEcclesiam,quasillumsioutPa·

124 4789 242 4843 immet
254 4784 363 4842 Filium
378 4786 531 4845 verissime
546 4786 727 4858 predicaret.

161 4874 277 4932 CAPUT
287 4874 403 4931 KVb·
412 4874 472 4932 Vos
482 4877 617 4948 ergojam
628 4876 715 4932 dicite
724 4892 814 4948 quare
830 4892 888 4932 non
901 4890 949 4931 ac·

124 4962 243 5037 cipiatis
253 4964 557 5021 omnieexlibrisNovi
565 4966 758 5036 Testamenti3
770 4971 869 5022 utrum
880 4965 951 5037 quie

124 5057 263 5112 nonsunt
271 5054 476 5128 Apostolorum
485 5055 643 5125 Christian
656 5057 727 5129 quia
740 5055 819 5130 pravi
836 5054 949 5127 aliquid

123 5142 288 5200 docuerunt
303 5143 435 5217 Apostoli
450 5144 567 5201 Christi.
582 5144 787 5217 Respondetis,
802 5144 876 5209 Ouia
891 5160 949 5200 ηοη

123 5237 194 5289 sunt
203 5231 406 5306 apostolorum
415 5232 534 5290 Christi.
543 5233 616 5289 Nam
628 5234 678 5291 illa
685 5251 738 5291 vox
758 5233 849 5290 altera
859 5238 950 5306 Paga-

124 5337 229 5379 norum
240 5321 346 5394 estqui
359 5321 796 5395 dieuntspostoroschristinon
806 5328 884 5380 recta
897 5322 949 5380 do·

124 5408 368 5485 cotosvosargo
377 5411 448 5483 quid
457 5411 809 5477 dieitia,undeostenditis
818 5413 950 5485 Scriptu-

122 5498 246 5557 resilles
256 5516 314 5557 uon
325 5500 362 5557 ab
371 5499 519 5573 Apostolis
529 5499 730 5557 ministratas?
743 5501 947 5574 Respondetis,

154 5714 165 5751 ¹
178 5710 349 5777 witam„
358 5711 485 5766 mdes
497 5715 566 5765 cest.
581 5714 670 5767 btious
683 5717 766 5767 recte.

155 5774 272 5831 ’Plures
283 5776 359 5841 flu..
372 5776 450 5829 mens
462 5790 550 5842 opere,
563 5775 639 5843 qaod.

1000 3718 1060 3776 illio
1075 3719 1110 3774 de
1124 3716 1282 3774 Manicbeo
1304 3716 1346 3772 sic
1363 3714 1505 3788 scriptum
1522 3714 1660 3788 legeritis,
1677 3718 1710 3770 ut
1722 3718 1752 3771 et
1766 3713 1823 3771 alio

999 3807 1163 3880 intelligere
1178 3823 1236 3862 non
1247 3821 1401 3878 possemus
1414 3820 1421 3858 ι
1433 3805 1504 3878 quid
1514 3804 1659 3869 faceretis,
1670 3803 1757 3860 dicite
1766 3802 1823 3860 mi-

1000 3895 1041 3964 bi,
1059 3895 1115 3952 nisi
1130 3894 1308 3964 clamaretis,
1323 3892 1499 3949 nullomodo
1509 3908 1559 3949 vos
1570 3892 1701 3965 potuisse
1716 3890 1822 3948 falsare

1000 3984 1126 4049 codices,
1142 3984 1192 4056 qui
1202 3985 1266 4055 jam
1281 3983 1311 4038 in
1326 3982 1463 4038 manibus
1478 3985 1577 4038 essent
1590 3981 1722 4037 omnium
1737 3980 1823 4036 Gbri·

1000 4075 1181 4131 stianorum?
1194 4072 1268 4139 Quia
1283 4088 1349 4128 mox
1364 4077 1397 4127 ut
1418 4071 1511 4128 facere
1528 4070 1701 4144 coepissetis,
1724 4076 1823 4127 vestu·

1001 4165 1125 4222 stiorum
1141 4160 1480 4235 exemplariumveritate
1489 4159 1743 4218 convinceremini
1761 4162 1824 4228 Qua

1001 4254 1091 4327 igitur
1114 4269 1202 4308 causa
1217 4270 1234 4308 a
1248 4251 1329 4308 vobis
1351 4250 1499 4322 corrumpi
1526 4266 1584 4306 non
1608 4254 1737 4321 possent,
1768 4250 1824 4307 ban

1001 4359 1088 4399 eausa
1103 4359 1120 4398 a
1135 4342 1252 4398 nemine
1270 4344 1438 4413 potuerunt.
1455 4338 1595 4410 Quisquis
1609 4339 1687 4395 enim
1698 4338 1752 4395 boe
1766 4338 1824 4411 pri·

999 4432 1091 4489 mitus
1106 4448 1198 4487 ausus
1214 4435 1303 4501 esset,
1313 4428 1472 4484 multorum
1483 4427 1616 4483 codicum
1632 4427 1825 4485 vetustiorum

1000 4520 1156 4578 collatione
1168 4520 1382 4576 confutaretur:
1396 4517 1532 4584 maxime,
1546 4516 1615 4588 quia
1630 4532 1687 4572 non
1698 4533 1757 4573 una
1769 4515 1826 4574 lin·

1000 4626 1069 4684 gua,
1096 4609 1147 4666 sed
1162 4607 1266 4665 multis
1287 4607 1388 4663 cadem
1413 4606 1565 4678 Scriptura
1584 4606 1823 4663 continereretur.

1001 4700 1075 4758 Nam
1090 4699 1177 4756 etiam
1195 4714 1274 4754 nuno
1288 4695 1435 4753 nonnulla
1455 4695 1589 4753 codicum
1605 4695 1822 4767 mendositates,

999 4788 1045 4846 vel
1072 4790 1107 4845 de
1135 4786 1362 4860 antiquioribus,
1387 4785 1431 4843 vel
1455 4787 1491 4842 de
1517 4785 1619 4859 lingua
1643 4784 1822 4857 precedente

999 4879 1203 4935 emcndantur.
1219 4877 1261 4932 ltu
1276 4892 1344 4949 ergo
1356 4881 1408 4933 aut
1422 4874 1560 4949 cogimini
1573 4890 1689 4931 veraces
1701 4873 1820 4930 illosco·

1000 4969 1079 5025 dices
1095 4966 1235 5037 confiteri,
1251 4971 1281 5022 et
1296 4968 1433 5022 continuo
1454 4969 1587 5022 evertunt
1602 4962 1736 5019 baeresim
1760 4976 1824 5017 ves·
1930 4982 1934 4991 ·

999 5062 1087 5125 tram,
1103 5060 1155 5112 aut
1170 5055 1195 5112 si
1211 5054 1329 5112 t'allaoes
1344 5072 1393 5112 eos
1417 5054 1558 5126 dixeritis,
1574 5067 1673 5109 eorum
1698 5049 1825 5107 auctori·

998 5151 1058 5204 tate
1073 5144 1255 5202 Paracletum
1275 5162 1333 5201 non
1348 5143 1457 5218 poteris
1471 5158 1611 5210 asserere,
1624 5138 1823 5197 etvossverti·

998 5235 1037 5292 tia
1053 5233 1188 5289 heresim
1204 5237 1342 5290 vestram.

1035 5324 1152 5381 CAPUT
1159 5322 1280 5379 XVll.-
1292 5323 1354 5378 Huc
1364 5321 1487 5388 accedit,
1497 5319 1610 5392 quisse
1619 5317 1778 5374 dictasunt
1792 5316 1822 5374 in

998 5410 1387 5487 promissionoParaeloti,ut
1397 5407 1589 5465 Manicheum
1600 5410 1734 5480 posttam
1746 5407 1822 5464 mul·

998 5508 1146 5560 tosanuos
1155 5501 1330 5566 venientem,
1342 5498 1378 5555 ab
1389 5500 1447 5554 ists
1461 5496 1627 5567 suspicione
1636 5512 1757 5568 prorsus
1771 5512 1821 5553 ex·

998 5590 1205 5655 eludant.Quia
1217 5587 1294 5644 enim
1307 5592 1373 5659 post
1380 5585 1623 5642 resurrectionem
1633 5587 1663 5641 at
1672 5584 1825 5641 ascensio·

998 5696 1067 5739 nem
1077 5673 1820 5749 Dominioondnuoventuruseratspiritussanctus,
1861 5760 1874 5767 ..

1030 5779 1040 5815 ¹
1054 5776 1133 5845 spuo
1146 5776 1191 5831 Er.
1204 5775 1288 5841 bugd
1304 5775 1371 5834 ven.
1386 5774 1461 5840 bon,
1473 5776 1589 5844 possent.
1647 5773 1684 5827 lt.
