3908 6128
125 322 182 385 889
809 322 928 384 intuitu
949 321 1148 396 Quantus,

122 455 180 511 rita
192 454 242 512 lux
253 454 407 512 bominum
419 459 495 522 erot3
504 471 557 511 neo
567 453 653 528 longe
666 452 759 525 posita
769 454 804 510 ab
815 469 947 526 unoquo·
1003 452 1070 510 dam
1082 455 1169 511 modo
1180 453 1315 511 concinat
1326 453 1361 511 ad
1374 452 1510 510 salutem.
1521 451 1581 508 Nos
1590 454 1677 518 certe,
1689 450 1766 522 qnod
1775 465 1828 507 ne·

123 559 177 616 quo
194 549 326 599 nostrum
341 560 348 599 z
365 544 394 600 in
406 542 457 600 illa
466 546 544 600 enim
557 542 695 611 vivimus,
708 549 736 600 et
746 559 906 612 movemur,
919 546 948 599 et
1003 558 1050 599 mo
1061 543 1237 600 christianus
1249 544 1381 616 ambigit,
1393 548 1422 599 et
1432 544 1530 598 anima
1541 547 1569 597 et
1584 556 1703 613 corpore
1718 541 1827 597 mortui

121 648 225 689 sumus
240 633 308 703 (Act.
325 650 394 702 xvn,
408 634 454 700 27,
467 633 524 703 28),
1002 647 1125 690 sumus:
1140 634 1249 704 animo,
1261 639 1376 705 propter
1387 637 1553 705 peccatum:
1566 645 1695 702 corpore.
1708 635 1827 702 propter

157 721 272 778 CAPUT
287 721 321 778 ll.
339 752 372 763 -
382 722 408 776 l.
426 722 564 791 Quomodo
577 738 628 795 per
643 718 757 778 Verbum
773 723 947 777 incarnatum
1001 738 1116 794 posnam
1129 723 1248 795 peccati,
1262 739 1354 795 noper
1364 722 1418 777 hoc
1428 726 1456 777 st
1467 736 1586 792 corpore
1597 725 1715 792 propter
1725 734 1826 791 pecca·

119 810 260 866 reddimur
271 809 376 866 labiles
385 810 798 895 percipienrtaeoertnti.-,Sed
808 811 858 866 lux
868 812 897 865 in
910 818 947 865 te·
1001 815 1074 865 tum.
1089 810 1207 883 Utrique
1219 817 1315 867 autem
1333 813 1372 867 rei
1384 816 1503 881 nortrae,
1520 807 1549 865 id
1567 813 1620 879 ast,
1635 812 1665 865 et
1679 808 1784 864 anime
1799 812 1829 866 et

121 900 214 955 nebris
225 900 304 968 locet,
313 904 342 956 et
350 900 471 957 tenebrae
479 916 542 955 eom
552 917 606 957 non
616 898 885 972 comprehenderunt.
897 902 946 955 Te·
1000 900 1123 971 corpori,
1136 900 1282 957 medicina
1293 905 1321 955 et
1335 900 1565 956 resurrectione¹
1579 914 1652 970 opus
1665 902 1737 969 erat,
1754 897 1826 955 utin

1768 318 1830 381 suo
1924 300 1932 321 ·’

120 987 525 1044 oebrseautemsuntslulta
549 993 661 1044 mentes
678 989 841 1064 hominum,
858 1003 947 1061 prava
1001 987 1388 1061 meliusrenovareturquod
1405 989 1505 1044 eratin
1520 987 1648 1042 deterius
1662 990 1826 1042 commuta·
1939 1038 1946 1047 .

118 1076 280 1148 cupiditate
291 1082 379 1149 atque
393 1075 564 1132 inlidelitnte
578 1082 700 1133 oaeoelae.
713 1077 771 1132 ilas
785 1083 818 1132 ut
832 1079 947 1131 cureret
999 1079 1074 1132 tum.
1087 1076 1163 1132 llors
1172 1083 1270 1133 autem
1279 1076 1592 1150 animeimpietasest;
1603 1081 1824 1147 etmorsoorpo·

117 1169 206 1237 atque
221 1170 337 1221 sanaret
360 1166 483 1231 Verbum,
500 1181 552 1237 per
567 1166 645 1238 quod
661 1165 736 1222 iacta
752 1169 820 1221 aunt
836 1165 944 1235 omnio,

115 1270 181 1311 coro
196 1253 363 1326 factumest,
387 1257 412 1311 el
427 1253 566 1310 lobitooit
579 1255 610 1310 in
623 1256 702 1311 nobie
716 1255 805 1327 (loen.
821 1270 841 1324 ι,
858 1255 945 1326 idi).
1000 1269 1031 1309 ra
1045 1254 1210 1312 abscessus.
1227 1256 1309 1311 Sicut
1327 1255 1405 1311 enim
1422 1255 1521 1311 anima
1535 1259 1590 1310 Deo
1605 1254 1766 1321 deserente,
1781 1253 1825 1310 sio

1000 1165 1050 1235 ris,
1067 1166 1307 1239 corruptibilitas,
1322 1182 1472 1239 perquam
1488 1166 1520 1221 tit
1530 1170 1559 1221 et
1573 1165 1677 1221 anime
1692 1181 1709 1220 a
1723 1180 1825 1238 corpo·
1915 1196 1932 1227 ι,

118 1341 300 1399 llluminatio
315 1343 424 1417 quippe
438 1347 538 1399 nostra
548 1343 731 1417 participatio
741 1342 827 1399 Verbi
842 1347 897 1410 est,
911 1341 945 1397 il·

118 1430 178 1487 lius
190 1430 297 1487 scilicet
309 1431 375 1487 nitas
390 1448 453 1502 qua
465 1430 514 1487 lux
528 1437 572 1489 est
587 1432 750 1488 bominum.
765 1431 838 1487 Huic
848 1435 945 1487 eutem

118 1520 335 1594 participationi
344 1519 875 1594 prorsusinhabiles,etminusidonei
885 1536 946 1576 era.

118 1624 197 1676 mus,
213 1614 332 1681 propter
347 1609 566 1665 immunditiem
579 1614 775 1683 peccatorum.
787 1610 946 1666 Mundandi

117 1714 188 1767 erqo
202 1714 331 1754 eramus.
349 1698 435 1756 Porro
451 1699 620 1772 iniquorum
636 1703 664 1755 et
678 1699 870 1772 superborum
888 1714 947 1755 una

119 1786 273 1843 mundatio
288 1791 333 1843 est
347 1788 468 1859 sanguis
480 1789 566 1860 justi,
582 1792 610 1844 et
625 1787 777 1844 humilitas
787 1788 851 1844 Dei:
863 1793 895 1844 ut
908 1788 945 1844 ad

117 1875 376 1948 contemplandum
393 1875 483 1932 Deum
497 1878 574 1947 quod
586 1883 691 1933 natura
700 1893 756 1933 non
768 1893 884 1946 snmus,
894 1893 947 1949 per

115 1981 183 2021 enm
194 1966 944 2038 mundaremurtactnmquodnatnrasumusetquod

120 2050 240 2126 peccato
252 2070 308 2109 non
321 2070 436 2109 sumus.
452 2054 529 2110 Dens
541 2053 618 2110 enim
636 2059 740 2111 natura
755 2071 813 2110 non
828 2070 944 2111 sumus:

118 2142 255 2198 homines
272 2148 376 2198 natura
396 2160 510 2213 sumus,
527 2144 602 2215 justi
617 2147 735 2217 peccato
755 2160 812 2200 non
830 2159 943 2200 sumus.

117 2234 194 2286 Deus
210 2231 308 2303 itaque
324 2232 417 2287 tactus
428 2231 515 2288 homo
521 2233 634 2304 justus,
650 2233 813 2289 intercessit
825 2231 883 2289 Deo
892 2249 945 2305 pro

116 2319 237 2376 homine
252 2324 412 2393 peccatore.
432 2322 494 2378 Non
510 2321 587 2377 enim
604 2321 737 2394 congruit
751 2325 886 2394 peccator
895 2321 945 2394 ju·

117 2410 229 2476 sto,sed
237 2410 371 2483 congruit
379 2409 945 2482 hominihomobdjnnpensergonobie

117 2497 945 2568 similitudinemhumanitatissuoe‚abatulitdissimilitu-

118 2586 219 2643 dinem
232 2590 241 2625 ¹
252 2587 417 2660 iniquitatis
431 2592 551 2645 nostroe:
567 2592 596 2645 et
606 2588 699 2645 iectus
711 2589 855 2660 particeps
865 2604 945 2644 mor-

117 2675 243 2733 talitatis
255 2681 373 2746 nostre,
386 2677 450 2734 iecit
464 2695 517 2734 nos
531 2678 687 2751 participas
698 2675 860 2734 divinitatis
874 2694 944 2734 sue.

118 2764 221 2821 Merito
234 2766 342 2838 quippe
353 2783 432 2821 mors
443 2767 604 2838 peccatoris
613 2766 733 2822 veniens
744 2783 778 2822 ex
786 2766 947 2823 damnatio-

119 2853 166 2909 nis
177 2854 361 2922 necessitate,
379 2854 475 2911 soluta
485 2860 529 2910 est
539 2872 590 2927 psr
605 2860 726 2910 mortem
740 2856 814 2926 justi
828 2854 945 2912 venien·

119 2947 179 2999 tem
197 2958 231 3000 ex
245 2943 451 2999 misericordie
465 2942 625 3012 voluntate,
642 2943 711 2998 dum
726 2942 866 3017 simplum
881 2945 945 3016 ejus

119 3032 356 3105 congruitdnplo
371 3037 481 3088 nostro.
495 3032 560 3088 lieo
575 3033 652 3087 enim
668 3031 867 3106 congruentia,
884 3033 945 3089 sive

118 3120 330 3187 convenientia,
350 3120 394 3176 vel
409 3121 602 3187 concinentis,
621 3120 664 3177 vel
685 3122 886 3191 consonantia,
899 3122 944 3179 val

118 3211 142 3267 si
159 3209 230 3283 quid
242 3211 425 3267 commodius
437 3211 554 3277 dicitur,
566 3211 642 3283 qnod
661 3227 752 3267 unum
763 3216 808 3267 est
823 3212 859 3267 ad
875 3213 943 3280 duo,

117 3299 244 3356 inomni
260 3299 523 3373 compaginatione,
532 3299 587 3368 vel,
600 3300 623 3357 si
642 3299 746 3356 meiius
761 3301 879 3370 dieitur,
895 3318 945 3358 co·

1000 1357 1106 1417 corpus
1121 1344 1219 1401 anima
1233 1344 1384 1401 deserente
1395 1345 1538 1400 moritur:
1554 1344 1632 1399 unde
1643 1341 1694 1398 illa
1709 1342 1741 1397 nt
1754 1341 1825 1398 inei·

1000 1432 1097 1504 piens3
1114 1433 1180 1500 hoo,
1191 1434 1333 1489 exanime.
1346 1432 1547 1490 Resuscitatur
1557 1432 1633 1488 enim
1645 1432 1762 1488 antmn’
1772 1447 1825 1504 por

1000 1522 1211 1593 paenitentiam,
1224 1526 1250 1578 et
1262 1521 1291 1577 in
1302 1538 1422 1595 corpore
1434 1521 1530 1577 adhuc
1545 1519 1658 1578 mortali
1674 1518 1823 1577 renovatio
1926 1544 1939 1583 ,·

998 1609 1062 1665 vitae
1073 1609 1251 1666 inchoaturo
1261 1611 1327 1677 lide,
1335 1627 1393 1682 qua
1401 1610 1530 1667 creditur
1540 1611 1642 1666 ineum
1654 1609 1703 1682 qui
1712 1609 1823 1680 justifl-

999 1702 1046 1755 oat
1069 1698 1195 1772 impium
1209 1701 1295 1772 (Rom.
1313 1717 1351 1767 nr,
1366 1702 1406 1770 5),
1421 1700 1564 1771 bonisque
1584 1698 1716 1756 moribus
1734 1713 1824 1772 sugo·

999 1792 1049 1844 tur
1060 1793 1090 1844 et
1100 1789 1347 1846 roboraturdedie
1358 1789 1386 1844 in
1396 1788 1557 1857 diem,cnm
1565 1788 1659 1860 magis
1671 1787 1824 1860 magisque

1000 1883 1155 1934 ronovatur
1165 1877 1285 1934 interior
1299 1877 1561 1947 homotllCor.1v,
1579 1877 1634 1950 lb).
1650 1879 1760 1950 Corpus
1775 1891 1823 1932 ue·

999 1981 1031 2021 ro
1042 1971 1182 2038 tuaquom
1193 1967 1282 2022 homo
1293 1967 1427 2032 exterior,
1440 1971 1550 2038 quanto
1560 1971 1605 2021 est
1616 1965 1677 2022 bec
1687 1963 1746 2020 vita
1757 1964 1824 2021 din·
1929 2030 1934 2041 ‚

999 2056 1123 2121 turninr,
1131 2060 1213 2111 tanto
1224 2055 1480 2129 magismagisqne
1490 2052 1750 2127 corrumpitur,vel
1761 2056 1826 2111 eta·

999 2148 1038 2214 te,
1048 2142 1092 2199 uei
1108 2144 1220 2215 morbo,
1235 2144 1278 2201 vel
1293 2145 1381 2201 variis
1392 2143 1609 2209 afflictionibus,
1625 2143 1718 2198 donec
1728 2141 1826 2199 veniet

1000 2232 1035 2289 ad
1052 2232 1186 2289 ultimam
1198 2234 1209 2271 ³
1223 2249 1288 2305 qua
1303 2234 1339 2289 ab
1358 2232 1497 2289 omnibus
1512 2248 1590 2288 mors
1607 2236 1736 2287 vocatur.
1752 2231 1824 2303 llius

1000 2326 1097 2378 autem
1109 2323 1283 2379 resurrectio
1293 2321 1427 2379 differtur
1435 2321 1465 2378 in
1476 2322 1578 2389 tinem;
1591 2335 1657 2376 cum
1667 2323 1696 2377 et
1705 2320 1769 2393 ipsa
1776 2319 1824 2391 ju·

999 2410 1135 2467 stificatio
1150 2415 1251 2468 nostra
1261 2410 1426 2483 perficietur
1440 2409 1636 2467 ineffabiliter.
1651 2412 1730 2465 Tunc
1744 2408 1824 2467 enim

999 2500 1112 2557 similes
1122 2499 1276 2572 eiecimus,
1288 2500 1427 2574 quoniam
1434 2498 1599 2556 videbimus
1607 2515 1675 2556 eum
1683 2498 1770 2556 sicuti
1781 2502 1826 2555 est

999 2589 1023 2663 (l
1048 2591 1127 2647 loen.
1150 2607 1194 2658 ιιι,
1209 2591 1247 2662 2).
1272 2589 1356 2646 Nunc
1373 2605 1439 2645 vero
1458 2589 1599 2661 quamdiu
1623 2605 1729 2661 corpus
1744 2588 1823 2660 quod

999 2678 1199 2752 corrumpitur
1212 2682 1352 2752 aggravat
1366 2678 1496 2735 animam
1511 2677 1586 2750 (Sep.
1602 2694 1641 2745 ιιι,
1654 2678 1709 2750 15),
1722 2680 1752 2733 et
1764 2677 1824 2735 vita

999 2765 1130 2823 hnmana
1144 2771 1354 2838 superterram
1369 2771 1430 2823 tota
1444 2766 1566 2823 tentatio
1580 2770 1624 2823 est
1638 2766 1708 2838 (lob.
1724 2782 1773 2836 sn,
1785 2764 1824 2840 1),
1928 2766 1938 2805 -“

1000 2871 1056 2912 οοο
1070 2855 1285 2925 justificabitur
1302 2855 1331 2912 in
1351 2860 1508 2930 oonspootu
1527 2857 1592 2927 ejus
1614 2854 1710 2911 omnia
1724 2853 1825 2911 vivona

999 2944 1087 3018 (Psoi.
1103 2960 1188 3013 canu,
1202 2946 1242 3018 2),
1258 2944 1288 3000 in
1299 2943 1647 3019 comparationeJnatitis
1663 2959 1825 3017 quoequa-

998 3034 1098 3092 bimur
1112 3033 1242 3107 Angeiis,
1258 3038 1286 3091 et
1300 3034 1399 3108 glorie
1414 3050 1478 3107 quoa
1493 3033 1670 3091 revelabitur
1683 3032 1713 3089 in
1728 3033 1824 3089 nobis.
1916 3078 1919 3083 .

1001 3122 1826 3197 Demorteautemanimesmontecorporisdistinguende

999 3213 1069 3287 quid
1079 3213 1580 3285 plurodooumentecommemorem
1589 3229 1596 3281 ;
1605 3228 1671 3268 oum
1684 3212 1826 3270 Dominus

999 3302 1029 3358 in
1041 3318 1100 3359 una
1108 3302 1252 3358 sententia
1260 3301 1426 3375 evangelica
1434 3307 1590 3374 utramque
1598 3306 1721 3357 mortem
1733 3299 1825 3357 cnivis
1931 3352 1936 3363 ,

118 3389 268 3463 aptatione
282 3392 431 3456 creature,
444 3387 520 3444 valet
535 3388 706 3462 plurimum.
719 3389 798 3446 Hane
808 3391 945 3449 enim'co·
999 3391 1086 3449 locile
1101 3391 1323 3448 discernendam
1335 3392 1474 3463 posuerit,
1491 3391 1541 3447 ubi
1554 3390 1596 3448 ait
1607 3407 1614 3446 ι
1626 3390 1692 3447 Sine
1704 3392 1825 3447 mensos

119 3477 312 3552 optationem,
329 3477 405 3534 sicut
416 3478 488 3533 mibi
504 3494 583 3533 nuno
598 3478 734 3546 occurrit,
747 3478 841 3536 dicere
855 3481 945 3547 volui,
998 3480 1115 3553 sepelire
1129 3486 1254 3536 mennon
1268 3495 1330 3535 suos
1344 3479 1448 3551 (llottb.
1465 3495 1527 3546 mn,
1542 3477 1604 3550 22)‘l
1618 3478 1824 3551 sepeliendum
1934 3490 1948 3511 ’-

118 3583 208 3641 quam
224 3566 314 3623 Greci
329 3564 458 3639 ἁρμονίαν
470 3572 584 3622 vocant,
596 3567 696 3639 Neque
711 3567 944 3641 nunolncusest‚
1000 3570 1108 3643 qnippe
1119 3572 1381 3641 corpusmortuum
1393 3571 1469 3624 erat:
1479 3567 1642 3640 sepultores
1652 3572 1750 3623 autem
1760 3567 1825 3639 ejus

119 3660 151 3713 ut
167 3654 320 3713 ostendam
331 3660 475 3728 quantum
489 3654 581 3711 valcat
595 3656 785 3712 consonantia
800 3656 898 3730 simpli
909 3658 945 3714 ad
1000 3655 1447 3730 perintidslitatisimpietatem⁴
1457 3656 1732 3712 inanimamortuos
1742 3654 1827 3712 intel·

120 3744 257 3817 duplum,
269 3761 331 3816 quae
342 3743 469 3800 maxima
479 3744 507 3798 in
520 3745 605 3800 nobis
617 3745 787 3817 reperitur¹‚
799 3750 827 3801 et
837 3746 879 3800 sio
893 3763 946 3804 no·
999 3745 1051 3820 ligi
1066 3745 1167 3811 uoluit,
1180 3745 1281 3818 quales
1291 3745 1529 3802 excitanturonm
1543 3744 1661 3815 dieitur,
1671 3744 1769 3818 Suros,
1779 3747 1828 3818 qui

121 3834 166 3891 bis
176 3833 268 3889 insita
283 3833 463 3901 naturaliter,
480 3835 509 3906 (a
524 3849 582 3906 quo
597 3832 708 3905 utique,
725 3833 780 3889 nisi
797 3835 833 3890 ab
849 3850 882 3891 eo
896 3834 945 3906 qui
999 3835 1111 3904 dormis,
1126 3845 1153 3892 et
1164 3850 1306 3906 ensurpeo
1317 3836 1442 3902 mortuis,
1454 3834 1660 3891 stittuminobit
1670 3842 1695 3891 te
1705 3833 1827 3891 Christos
1932 3826 1936 3831 ’

119 3922 945 3995 noscrsavittJutneoimperitipossintesmeonsentire,
1000 3925 1105 3997 (Epiros.
1121 3943 1149 3991 v,
1167 3923 1509 3995 tolosanapraesul
1526 3923 1685 3994 quamdam
1702 3926 1824 3980 mortem
1934 3998 1937 4003 Ι

118 4013 179 4069 sivo
193 4011 251 4085 ipsi
271 4016 433 4079 cantantes,
449 4011 509 4068 sive
524 4010 595 4067 alios
616 4013 788 4069 audientes:
805 4029 856 4086 per
871 4014 947 4071 hano
1000 4012 1168 4086 Apostolus,
1185 4012 1285 4068 dicens
1302 4012 1338 4069 de
1360 4011 1464 4068 ndns:
1491 4011 1555 4081 ooo
1569 4016 1660 4068 actem
1674 4012 1703 4067 in
1718 4012 1827 4069 deliciet

117 4101 229 4174 quippe
238 4117 323 4157 voces
333 4102 477 4157 aoutiores
488 4100 695 4174 gravioresque
705 4103 892 4172 concordant,
905 4102 948 4162 ita
999 4104 1066 4175 opit,
1082 4103 1176 4158 vinem
1198 4111 1305 4158 mortuo
1322 4110 1364 4157 eet
1388 4101 1411 4173 (l
1427 4102 1493 4156 Tim.
1513 4117 1541 4172 u,
1555 4102 1594 4167 6).
1618 4101 1722 4158 Anima
1736 4101 1827 4175 igitur

118 4198 151 4247 ut
165 4189 301 4263 quisquis
313 4191 349 4246 ab
361 4207 395 4246 ea
410 4190 599 4261 dissonuerit,
611 4208 667 4247 non
684 4191 846 4260 scientiam,
862 4194 947 4265 cujus
996 4192 1060 4264 iam
1072 4191 1129 4264 pia,
1141 4207 1206 4265 quar
1217 4190 1272 4246 suit
1281 4191 1382 4263 impia,
1392 4189 1663 4264 propterjustitiam
1675 4190 1741 4247 tidei
1754 4189 1825 4247 dioi·
1934 4202 1938 4209 ·

117 4284 252 4353 expertes
266 4284 337 4335 sunt
356 4279 486 4354 plurimi,
509 4279 560 4336 ssd
576 4278 672 4351 ipsum
689 4297 808 4337 sensum
828 4282 947 4340 auditus
999 4283 1049 4339 tnr
1063 4298 1097 4338 ex
1111 4286 1203 4338 morte
1222 4280 1362 4337 revixisse
1377 4284 1464 4353 atque
1481 4281 1586 4337 vivere.
1601 4280 1713 4353 Corpus
1728 4283 1826 4337 autem
1853 4358 1856 4365 Ι

120 4370 213 4427 nostri
229 4369 415 4426 vehementer
427 4368 567 4425 offendat.
581 4368 637 4425 Sed
653 4368 708 4425 hoc
723 4375 755 4426 ot
769 4371 948 4429 demonstre-
1000 4387 1059 4429 non
1075 4375 1189 4427 tantum
1206 4369 1380 4425 moriturum
1398 4372 1515 4441 propter
1529 4367 1634 4424 anime
1655 4369 1825 4424 abscessum

118 4464 177 4527 tur,
194 4457 281 4531 longo
296 4474 430 4514 sermone
450 4473 525 4530 opus
539 4461 603 4513 est:
619 4457 693 4531 ipsis
714 4463 810 4514 autem
827 4459 948 4518 auribus
1000 4460 1051 4533 qui
1068 4461 1184 4516 iuturus
1206 4463 1260 4528 est,
1277 4459 1327 4514 sed
1346 4462 1464 4532 propter
1476 4460 1590 4513 tantam
1605 4457 1828 4514 infirmitatem¹
1932 4474 1937 4485 ·

118 4548 249 4605 exhiberi
265 4551 361 4621 potest
374 4546 410 4602 ab
425 4562 459 4602 eo
484 4546 627 4618 quinovit
648 4546 819 4620 inregulari
845 4565 947 4606 mono·
1001 4550 1097 4606 earnis
1112 4554 1141 4605 et
1162 4547 1327 4621 sanguinis,
1347 4547 1473 4619 quodam
1490 4547 1519 4601 in
1538 4545 1602 4602 loco
1621 4548 1650 4601 in
1669 4545 1828 4619 Scripturia

120 4637 241 4694 chordo.
1000 4640 1089 4694 etiarn
1106 4644 1254 4693 mortuum
1267 4636 1385 4706 dicitur,
1398 4635 1534 4708 loquente
1547 4635 1704 4710 apostolo:
1722 4636 1828 4708 Corpus

155 4724 274 4784 CAPUT
289 4726 339 4782 lll.
355 4757 389 4767 -
403 4727 430 4783 5.
449 4725 509 4783 lino
520 4739 594 4781 mors
609 4728 635 4781 et
650 4728 810 4783 rerurrectio
824 4730 948 4800 corporis
1000 4726 1119 4799 quidem,
1129 4726 1223 4798 inquit
1233 4727 1700 4798 morronmestpropterpeceotom,
1712 4726 1827 4797 spiritus

120 4816 234 4885 ciendi,
248 4814 354 4888 duplici
367 4824 470 4874 nostre
480 4816 568 4872 morti
580 4831 613 4871 oc
622 4817 819 4873 rerurrectione·
826 4820 947 4890 corporis
1000 4820 1091 4874 eutem
1106 4817 1161 4871 uilo
1171 4823 1210 4871 cet
1213 4819 1325 4887 propter
1328 4815 1477 4887 justitiam.
1493 4814 1559 4871 liaeo
1569 4814 1628 4870 vita
1637 4830 1672 4870 ex
1684 4814 1741 4869 tide
1751 4813 1826 4868 tacta

117 4909 144 4964 et
159 4907 265 4963 nnimae
288 4904 455 4962 concinitod
477 4905 601 4961 sulutem.
629 4904 726 4977 anlae
743 4907 827 4963 morti
847 4915 946 4964 nerone
1002 4901 1824 4975 est;quoniomjustuaextldevivitfflom.1,17).Sed

119 4994 948 5069 quomodoeimplomoreclristiimpenso.Verumquodin·
1000 4994 1071 5066 quid
1089 4994 1245 5067 sequitur?
1266 4992 1296 5048 Si
1310 5000 1403 5049 antem
1420 4993 1538 5066 Spiritus
1553 4994 1612 5067 ejus
1625 4992 1674 5065 qui
1685 4990 1827 5047 concitauit
1908 5032 1930 5083 '.

118 5088 180 5165 stat
193 5085 225 5141 in
238 5082 392 5156 prasentia
401 5082 422 5153 ⁸,
432 5086 575 5154 quantum
586 5084 676 5140 donat
685 5087 772 5153 Deus,
785 5083 947 5141 edisseren-

119 5172 496 5245 domestquemadmodum
508 5171 648 5244 simplum
656 5171 772 5228 Domini
781 5177 810 5228 et
821 5172 949 5230 Salvato-

118 5262 160 5321 ris
169 5260 263 5320 nostri
273 5261 343 5318 iesu
352 5259 557 5333 Christidupto
567 5265 667 5316 nostro
678 5265 830 5334 congruat,
839 5266 868 5318 et
875 5278 947 5335 quo·
1031 5257 1043 5354 ζ
1057 5253 1149 5368 332:
1161 5251 1234 5365 {¹¹:27
1249 5250 1423 5364 magam
1433 5250 1629 5376 desimam?

1031 5381 1042 5416 ⁸
1056 5379 1099 5429 Er.
1114 5377 1198 5440 bugd.
1208 5377 1272 5426 Van.
1285 5378 1347 5427 bor.
1358 5376 1469 5435 addunt,
1479 5374 1641 5441 efflicdonem
1650 5389 1662 5440 ,·
1672 5373 1700 5425 in
1711 5374 1738 5425 Β.
1749 5373 1826 5429 decet
1940 5370 1944 5377 ’

151 5443 160 5479 ¹
178 5439 221 5491 Sic
236 5441 298 5490 lies.
312 5438 346 5489 nt
359 5437 433 5498 editi,
448 5435 654 5487 similitudinem.

151 5503 163 5541 ⁸
178 5503 227 5553 liic
240 5502 344 5566 aliquot
356 5500 419 5550 llos.
435 5500 573 5556 omittunt.
588 5501 614 5548 in
628 5497 709 5549 noto.
726 5499 948 5567 obstreperetur,
999 5518 1067 5554 nem.
1083 5520 1096 5551 a
1112 5503 1147 5553 u.

121 5566 185 5617 editi
197 5565 329 5623 terebant,
344 5568 373 5613 ot
385 5565 420 5612 eit
432 5564 513 5613 nobie.
529 5564 667 5623 corrupte.
1030 5568 1041 5603 ⁴
1055 5569 1113 5617 Am.
1130 5569 1156 5616 et
1169 5576 1263 5614 omnes
1275 5562 1330 5613 iere
1340 5562 1412 5621 bles,
1425 5560 1660 5625 perinfidelitcteer
1674 5562 1833 5628 impietatis„

151 5628 163 5665 ⁸
180 5629 238 5678 Am.
253 5631 281 5678 st
294 5626 384 5691 piures
398 5627 471 5677 unc
488 5625 577 5675 Verum
591 5624 660 5691 quod
672 5624 752 5675 instet
762 5623 946 5691 impresentia-
999 5628 1138 5755 hirmin}
1149 5628 1255 5738 protilos
1269 5624 1447 5688 infirmitatem
1462 5631 1572 5677 toruum.
1589 5627 1623 5676 At
1636 5629 1707 5689 blas,
1719 5628 1828 5692 propte

117 5704 187 5741 rom.
1063 5702 1178 5740 minem
1203 5700 1301 5738 mem.

999 5440 1058 5494 boso
1073 5455 1142 5503 νοις
1157 5440 1203 5490 aed
1220 5443 1328 5491 notatur
1344 5439 1372 5489 in
1386 5438 1525 5503 margine:
1542 5438 1689 5497 «subaudi,
1702 5436 1823 5503 affiictio-
1905 5452 1916 5491 ,·
