3908 6128
143 314 203 377 497
690 314 808 377 LIBER
830 312 1070 377 sarcasmus
1093 314 1310 378 SECUNDUS.
1794 314 1854 377 tes
1906 362 1909 369 ,

145 462 214 505 eum
229 461 236 501 :
256 444 334 515 Quod
343 461 393 516 spo
406 447 586 518 sanctificavi,
602 446 820 502 immundumne
839 447 976 502 vocareris
1030 445 1067 501 iis
1079 447 1318 519 quoesumebanl,
1330 464 1387 503 non
1399 449 1499 502 sancte
1509 446 1650 518 nccjuate
1675 444 1850 505 utebantur:

139 536 213 608 (aa.
228 553 258 605 x,
276 535 380 607 11-15).
399 536 479 600 Quod
497 537 615 607 quidem
632 537 730 608 ipsum
743 536 847 591 licetet
862 552 914 608 per
927 535 968 592 al·
1024 535 1101 591 sicut
1116 553 1219 593 omnes
1235 538 1354 609 quidem
1370 534 1518 605 infideles,
1540 535 1590 591 aed
1619 552 1670 591 vos
1696 535 1851 608 precipue,

143 625 286 698 legoriam
304 622 383 679 aliud
400 624 553 695 quiddam,
570 628 598 679 et
613 641 669 680 non
686 624 912 681 indifferentiam
928 624 969 679 vi·
1024 623 1187 692 Manichaei,
1200 625 1435 697 quibusomnino
1449 624 1524 680 nibil
1536 624 1851 696 estmundum.Neque

136 714 248 770 deutur
260 712 427 785 significare
439 714 571 769 ciborum
582 713 774 785 ;lamenquia
785 715 866 769 vebis
876 719 904 769 et
913 713 969 769 boo
1024 714 1102 769 enim
1112 713 1195 769 cibus
1205 714 1268 786 ipse
1279 730 1367 785 quem
1380 713 1507 781 sumitis,
1520 713 1656 785 quamvis
1666 730 1734 769 eum
1743 730 1851 788 magna

130 801 180 859 ita
195 801 358 874 intelligere
373 801 477 875 placet,
504 802 663 858 vescamini
679 802 768 873 igitur
782 818 901 858 neccsse
925 806 970 858 est
1023 801 1177 874 diligentia
1189 804 1273 875 quasi
1285 820 1301 857 a
1312 802 1408 858 carnis
1418 803 1589 875 contagione
1600 803 1752 875 separetis,
1764 820 1850 859 mun·
1949 826 1952 833 ·

130 892 255 965 passim
271 890 379 947 belluis
393 891 543 959 omnibus,
558 896 587 946 et
611 890 763 946 echidnis¹
778 894 807 946 et
830 889 968 961 colubris,
1025 890 1080 946 dus
1091 891 1238 958 salvebis,
1255 907 1341 963 quem
1354 896 1483 946 creatum
1497 891 1553 946 nisi
1569 908 1586 946 a
1601 888 1716 947 diabolo
1732 908 1789 947 nou
1805 891 1849 948 di·

121 995 168 1037 ac
184 979 301 1051 reliquo
316 979 398 1037 omni
419 995 526 1052 genere
549 979 716 1051 serpentino
738 980 823 1051 juxta
849 979 969 1036 horama
1022 981 1099 1037 citis.
1115 982 1145 1036 ln
1157 980 1207 1037 illo
1216 980 1304 1037 ctiam
1317 981 1404 1036 deum
1417 984 1547 1036 vestrum
1559 979 1680 1052 ligatum
1690 986 1776 1053 atque
1786 980 1849 1055 pol·

133 1067 227 1125 Petri.
243 1069 390 1125 Hactenus
403 1068 481 1124 enirn
497 1084 563 1124 vere
578 1067 656 1124 dicto
671 1068 825 1124 audientes
840 1085 890 1125 ros
904 1084 969 1125 csse
1022 1068 1118 1126 lutum
1134 1087 1184 1126 voa
1199 1070 1312 1125 edendo
1328 1085 1454 1141 purgare
1469 1069 1641 1138 perhibetis.
1657 1072 1716 1126 Vos
1744 1070 1848 1128 salt-em

120 1157 301 1232 probabitis
315 1156 379 1213 voci
395 1172 485 1229 quam
501 1158 593 1213 lentur
607 1157 744 1213 audisse:
761 1163 790 1213 et
805 1164 903 1213 tamen
916 1158 967 1213 hu·
1022 1159 1105 1215 vobis
1115 1158 1219 1215 mundi
1227 1158 1410 1227 videremini,
1423 1158 1849 1230 quorumventribusmeretur

110 1248 181 1323 jus
195 1262 314 1320 quoque
330 1245 526 1302 memineritis
541 1262 665 1318 semper,
683 1245 752 1317 quia
765 1250 879 1319 Moyses
899 1246 967 1303 hine
1021 1245 1072 1303 illc
1082 1248 1210 1320 purgari.
1221 1248 1275 1303 Sed
1287 1252 1316 1303 et
1325 1250 1422 1303 vestra
1433 1262 1555 1319 corpora
1565 1251 1701 1303 naturam
1713 1251 1741 1304 et
1761 1248 1848 1322 opifi-

116 1338 162 1393 ot
176 1335 330 1407 Propheta
345 1334 478 1391 damnati
493 1339 572 1404 sunt,
589 1335 640 1407 qui
654 1335 690 1390 de
706 1335 743 1390 iis
768 1350 832 1408 qua
856 1336 966 1391 sancti·
1021 1335 1202 1409 oiumgentis
1213 1337 1400 1393 tenebrarum
1409 1350 1473 1392 esse
1483 1336 1787 1407 contenditia,an1mas
1798 1354 1848 1394 au-

116 1423 265 1485 flesvsrtt
279 1424 357 1481 Deus
369 1425 456 1495 iuxta
470 1424 549 1481 vocis
564 1423 654 1496 hujus
668 1426 857 1491 sententiam,
873 1424 967 1481 multa
1020 1430 1079 1482 tem
1090 1430 1203 1482 vestras
1212 1426 1285 1499 ipsis
1296 1425 1392 1482 adhuc
1402 1425 1573 1498 corporibus
1584 1425 1760 1497 inquinatas.
1772 1426 1845 1493 Quid

123 1513 305 1590 putaverint
319 1529 385 1570 ease
396 1511 517 1585 polluta.
1020 1528 1089 1586 ergo
1101 1513 1183 1570 vobis
1193 1518 1238 1570 cst
1249 1515 1394 1570 mundum
1406 1518 1418 1571 Ρ
1428 1518 1491 1570 Non
1503 1532 1566 1587 quse
1576 1515 1704 1586 sumitis,
1718 1533 1776 1572 non
1787 1533 1845 1590 quo

169 1602 288 1660 CAPUT
309 1601 356 1658 tv.
373 1632 408 1644 -
433 1603 624 1659 Aucusrruus
638 1602 806 1675 respondit:
830 1605 901 1658 Cum
926 1604 967 1660 ait
1020 1602 1183 1659 mittitisea
1197 1620 1261 1675 quaa
1277 1603 1402 1670 sumitis,
1419 1620 1476 1659 non
1499 1621 1550 1660 vos
1573 1603 1631 1677 ipsi
1654 1605 1706 1677 qui
1729 1611 1847 1678 sumpta

118 1689 305 1765 Apostolus,
318 1691 421 1748 Omnia
433 1692 654 1747 mundomuodis
664 1693 727 1763 (Tit.
739 1709 760 1757 r,
774 1692 832 1760 15),
843 1698 964 1749 naturas
1019 1691 1162 1763 purgatis,
1176 1691 1287 1748 Videtis
1299 1708 1367 1765 ergo
1378 1697 1496 1764 propter
1506 1709 1581 1764 quos
1593 1697 1663 1749 tunc
1678 1693 1765 1750 iatam
1776 1711 1846 1751 sen-

124 1782 215 1853 ipsaa
230 1779 354 1853 intelligi
371 1780 473 1848 voluit,
489 1797 564 1852 quas
579 1780 657 1837 Deus
672 1780 789 1848 creavit,
800 1782 963 1836 secundum
1018 1781 1142 1836 tentiam
1157 1780 1230 1836 dixit
1254 1779 1424 1854 Apostolus:
1451 1781 1538 1838 talem
1563 1787 1661 1840 tamen
1682 1782 1764 1856 dixit,
1780 1800 1844 1857 que

125 1868 208 1930 illud
222 1869 300 1942 quod
313 1870 429 1942 Moyses
441 1868 471 1925 in
487 1869 591 1925 Genesi
609 1868 739 1941 scripsit,
754 1871 869 1941 filecto
894 1870 964 1927 deus
1018 1884 1121 1926 omues
1132 1869 1264 1925 infideles
1275 1876 1303 1925 et
1313 1870 1482 1926 immundos
1495 1876 1615 1943 teneret,
1636 1872 1686 1929 sed
1705 1889 1757 1929 vos
1774 1890 1845 1943 pru·

135 1960 247 2017 omnia:
263 1968 290 2015 et
305 1974 364 2015 ecce
379 1959 449 2014 hono
459 1958 538 2014 valde
549 1957 626 2029 (Gen.
636 1976 656 2028 1,
670 1958 715 2029 31)
727 1975 734 2024 3
748 1975 804 2014 non
814 1958 963 2031 significa·
1018 1958 1102 2029 cipue
1118 1958 1301 2031 maximeque
1317 1959 1510 2016 convinceret.
1529 1963 1632 2019 Omnia
1645 1977 1713 2034 ergo
1742 1963 1847 2019 munda

133 2046 240 2116 tiones
255 2048 420 2105 secundum
436 2063 511 2119 quas
526 2047 604 2103 Deus
620 2063 670 2118 per
683 2047 820 2103 eumdem
844 2047 962 2119 Moysen
1016 2047 1305 2116 muudia,secuudum
1319 2054 1455 2104 naturam
1468 2050 1497 2104 in
1509 2054 1674 2121 quaereata
1685 2056 1754 2106 sunl
1765 2068 1772 2107 :
1785 2069 1844 2108 non

141 2128 180 2195 ιδ’
190 2136 347 2193 immundis
359 2135 794 2207 mundadiscrevittlaeuit.x1):
806 2136 883 2192 unde
894 2138 963 2209 quia
1017 2136 1388 2193 tamenomniesecundum
1404 2137 1648 2209 significationem
1662 2141 1772 2195 munda
1788 2141 1845 2212 pri·

145 2224 521 2296 multaetmultialoclsjam
536 2224 674 2295 diximus,
691 2226 962 2282 nuncbreviterad·
1017 2240 1065 2280 mo
1081 2223 1188 2296 populo
1203 2224 1389 2280 ludaeorum:
1408 2241 1460 2280 nec
1476 2225 1560 2281 nobis
1575 2226 1684 2295 omnia,
1701 2227 1743 2283 ael
1755 2245 1844 2300 prop-

152 2315 288 2371 monuisse
298 2314 456 2373 sullecerit.
474 2314 595 2371 Proinde
611 2313 676 2370 illos
692 2314 741 2385 qui
755 2313 817 2386 jam
830 2319 962 2387 tempore
1016 2316 1060 2369 tar
1074 2311 1198 2369 salutem
1215 2314 1356 2385 corporis,
1384 2312 1426 2369 vel
1457 2318 1575 2387 propter
1599 2315 1842 2375 consuetudinem

155 2404 325 2461 revelationis
335 2402 697 2470 NoviTcstamcnti,adbuc
707 2402 903 2459 illusumbras
916 2404 961 2460 lu·
1017 2400 1153 2458 bumana
1168 2401 1325 2469 societatis,
1341 2407 1410 2475 apta
1425 2408 1510 2472 sunt3
1527 2403 1578 2459 sed
1594 2419 1660 2459 cum
1672 2420 1727 2461 sua
1736 2404 1842 2479 cuique

156 2492 815 2564 tororumitacustodioudasputarent,ulaine
832 2491 868 2548 iis
885 2491 961 2549 Gen·
1017 2492 1181 2547 redduntur
1194 2496 1224 2546 et
1238 2491 1400 2547 naturalem
1431 2493 1563 2571 ordinem
1594 2498 1721 2563 servant,
1747 2496 1843 2553 mania

158 2581 327 2649 mianum,
340 2598 404 2654 qua
417 2580 447 2636 in
458 2580 572 2637 Christo
583 2585 637 2646 est,
650 2583 797 2653 percipere
806 2597 864 2636 nou
875 2595 961 2652 posse
1015 2581 1124 2636 mundo
1139 2585 1208 2635 sunt
1221 2579 1334 2636 mundis
1342 2598 1354 2644 ,·
1371 2581 1520 2636 Immundis
1533 2585 1662 2639 autemst
1672 2581 1842 2655 infidelibus,

160 2671 356 2738 onunderent,
372 2670 542 2727 immundos
552 2669 623 2724 dicit
633 2667 799 2740 Apostolus,
812 2669 889 2740 quod
900 2685 961 2724 car·
1015 2667 1272 2741 qualesproecipuc
1287 2685 1337 2725 ves
1351 2668 1432 2737 estis,
1448 2669 1722 2727 nihilestmundum.
1734 2674 1842 2730 Cetera

160 2756 242 2816 naliter
250 2763 386 2831 saperent
400 2763 445 2828 ;et
460 2757 602 2826 infideles,
615 2758 692 2829 quod
705 2761 822 2830 tempus
832 2757 962 2829 gratiae
1011 2759 1075 2831 lam
1085 2757 1174 2813 verba
1188 2756 1318 2830 Apostoli
1331 2775 1395 2830 qua
1406 2761 1559 2831 sequntur,
1571 2775 1622 2816 ros
1635 2758 1692 2832 ipsi
1701 2759 1781 2818 robis
1793 2778 1842 2819 aa·

159 2846 220 2921 legis
233 2853 363 2921 tempore
378 2864 435 2903 non
454 2847 662 2903 discernerent.
679 2845 793 2911 Quibus
808 2846 872 2902 ideo
889 2845 960 2902 dicit
1015 2847 1138 2904 lubritcr
1153 2847 1298 2916 diceretis,
1314 2847 1340 2903 ai
1350 2848 1540 2904 cauteriatam
1551 2851 1678 2905 vestram
1689 2850 1840 2908 eonscien-

160 2934 286 2994 sibilasse
303 2937 459 3003 mundum,
475 2937 544 3009 quia
558 2941 587 2992 et
602 2936 639 2992 iia
654 2952 718 3009 qna
731 2936 918 3008 respuebant,
930 2941 961 2992 et
1015 2935 1337 2993 tiamaanarivelletis.
1362 2936 1502 3009 Sequitur
1529 2936 1626 2995 enim:
1656 2936 1709 2994 Sed
1734 2939 1843 3010 polluta

182 3034 190 3071 ¹
201 3034 302 3100 aliquot
314 3037 389 3095 llas„
402 3037 428 3086 et
441 3034 546 3086 eatinis.
1017 3028 1082 3083 suut
1095 3042 1190 3083 eorum
1205 3033 1231 3082 et
1243 3042 1321 3081 meite
1335 3033 1362 3083 ct
1376 3027 1549 3083 conscientie.

492 3268 683 3362 LIBER
720 3265 1099 3362 TRIGESIMUS
1140 3265 1481 3362 SECUNDUS.

182 3531 284 3593 uror
303 3534 458 3592 PRIMUM.
474 3564 509 3577 -
524 3534 657 3591 Fausrus
677 3533 772 3589 dixit:
797 3532 826 3588 si
850 3533 972 3605 accipis·
1013 3550 1071 3590 non
1087 3533 1195 3590 habere
1210 3532 1320 3606 aliquid
1338 3533 1415 3605 quod
1431 3533 1461 3589 in
1477 3550 1508 3590 se
1522 3533 1627 3590 debeat
1654 3534 1840 3607 improbari?

159 3616 335 3697 hangelium,
351 3624 468 3680 credere
483 3624 582 3679 omnia
596 3622 696 3688 debes,
712 3638 776 3694 qua
801 3623 830 3678 in
855 3623 957 3678 eodem
1012 3621 1174 3695 prasertim
1191 3622 1267 3694 quod
1284 3638 1335 3677 nec
1351 3622 1387 3677 ab
1402 3622 1467 3695 ipso
1479 3623 1623 3695 scriptum
1639 3627 1765 3691 constet,
1785 3640 1838 3680 nec

156 3711 241 3785 scripta
250 3713 407 3779 sunt.Quid
417 3712 496 3769 enim
507 3718 549 3779 tu,
566 3710 847 3784 quiaVetusaccipis
856 3712 957 3767 Testa·
1012 3712 1048 3768 ab
1061 3712 1126 3782 ejus
1136 3710 1293 3783 apostolis,
1302 3710 1447 3783 sedlongo
1458 3716 1524 3783 poet
1535 3717 1675 3784 tempore,
1692 3711 1837 3783 aquibus-

155 3807 276 3872 neutum,
287 3802 434 3859 idcircone
445 3801 541 3859 credis
552 3802 651 3856 omnia
665 3799 776 3871 passim
787 3816 852 3872 que
863 3800 893 3854 in
908 3815 957 3856 eo·
1012 3800 1080 3856 dam
1092 3799 1421 3867 incertinominisriris,
1432 3800 1482 3873 qui
1495 3816 1530 3857 ne
1540 3799 1662 3857 sibinen
1679 3801 1838 3858 haberetur

153 3886 201 3947 dem
211 3882 532 3964 scriptaauntiNempe
543 3888 622 3946 solas
632 3888 957 3961 indidemexcarpentes
1012 3888 1096 3956 fides,
1113 3887 1312 3946 scribentibus
1327 3905 1391 3961 qua
1404 3889 1560 3957 nescirent,
1568 3890 1675 3962 partim
1686 3888 1837 3962 Apostolo-

150 3979 300 4052 prophstias
313 3996 376 4053 qua
391 3996 490 4052 regem
504 3977 615 4036 Judaeia
634 3981 791 4033 venturum
806 3977 957 4049 signitica-
1012 3993 1076 4035 rum
1093 3979 1222 4047 nomina,
1234 3978 1342 4051 partim
1357 3994 1458 4034 eorum
1468 3979 1517 4050 qui
1528 3978 1683 4050 Apostolos
1694 3980 1786 4036 secuti
1796 3978 1837 4037 vl·

148 4064 213 4137 bant,
224 4069 296 4142 quia
306 4069 403 4141 ipsum
415 4067 529 4141 putatis
540 4066 730 4134 ascelmum,
742 4070 770 4123 et
779 4082 872 4139 pauca
882 4083 958 4139 quae·
1011 4067 1161 4128 derantur.
1176 4068 1352 4140 scriptorum
1369 4083 1490 4123 suorum
1500 4068 1645 4125 frontibus
1655 4068 1835 4139 indiderunt,

147 4154 372 4230 damdisciplinae
385 4157 478 4213 civilis
492 4159 635 4229 precepta
646 4156 824 4225 communia,
850 4160 881 4211 ut
901 4160 956 4225 est,
1011 4155 1834 4229 asseverantessscundumeosasscripsissequaseripse·

91 4242 97 4253 '
143 4245 191 4303 lion
204 4245 730 4318 meider,Nonmoecboberis(Exod.xx,
741 4244 957 4317 13.1l);caelera
1010 4243 1144 4311 rint.Quo
1154 4243 1469 4316 magismibivideutur
1482 4244 1590 4315 injuria
1604 4245 1685 4318 gravi
1701 4245 1833 4303 affecisse

140 4336 366 4409 pretermittitis,
375 4340 405 4392 ct
413 4335 597 4392 arbitramini
610 4350 740 4390 essenon
755 4334 854 4390 minus
867 4337 957 4407 utque
1010 4331 1171 4405 discipulos
1181 4333 1306 4390 Christi:
1324 4333 1465 4405 quiaque
1475 4334 1595 4390 dissona
1605 4334 1692 4391 iidem
1708 4340 1834 4408 etrepa-

138 4426 232 4482 eadem
248 4440 313 4497 qua
330 4423 437 4480 Paulus
452 4424 565 4496 putavit
580 4432 707 4479 stercora
720 4423 851 4495 (Ptilipp.
861 4440 904 4492 111,
914 4423 955 4495 8).
1010 4421 1132 4495 guantia
1151 4421 1208 4478 sibi
1231 4422 1402 4503 seriberent,
1419 4438 1454 4479 ea
1477 4424 1618 4479 referrent
1638 4424 1673 4479 ad
1692 4423 1784 4496 ipsos,
1806 4429 1836 4481 et

137 4511 204 4579 Ouid
220 4529 291 4588 ergo
307 4513 494 4587 peregrinum
510 4512 575 4579 boo,
591 4516 642 4567 aut
657 4512 728 4583 quid
742 4511 850 4567 mirum
864 4517 918 4581 est,
930 4512 956 4569 si
1010 4511 1229 4570 seeundumaos
1246 4511 1441 4568 baecscribere
1451 4527 1483 4567 se
1494 4512 1698 4585 profiterentur
1708 4514 1834 4586 drenge-

135 4606 161 4658 et
173 4619 226 4676 ego
240 4603 276 4659 de
290 4605 476 4659 Testamenta
490 4600 568 4658 Novo
583 4601 744 4674 purissima
768 4617 890 4673 qumque
915 4599 957 4657 le·
1010 4599 1060 4667 lia,
1072 4617 1135 4673 quae
1147 4599 1235 4656 tantia
1246 4600 1305 4656 sint
1318 4599 1422 4656 referta
1442 4599 1601 4669 ermribus,
1614 4601 1703 4659 tantis
1718 4605 1834 4659 contra·

132 4706 203 4764 gans
217 4696 248 4749 et
262 4708 334 4748 mee
349 4689 437 4749 saluti
466 4690 676 4758 convenientia,
707 4706 741 4747 ea
768 4689 956 4762 praetermitto
1011 4689 1165 4747 rictelibus
1181 4688 1383 4746 narrationum
1398 4689 1488 4745 simul
1504 4691 1776 4759 consolandorum,
1800 4697 1835 4748 ut

131 4796 194 4853 qne
209 4798 227 4837 a
241 4781 348 4838 vestris
363 4779 526 4852 majoribus
541 4779 661 4835 inducta
677 4777 826 4850 fallaciter,
842 4785 871 4835 ct
893 4796 955 4836 ma·
1011 4794 1063 4834 nec
1076 4777 1132 4834 sibi
1143 4794 1275 4852 prorsus,
1289 4795 1343 4834 nco
1353 4778 1430 4835 inter
1440 4780 1544 4853 seipsa
1561 4780 1746 4837 conveniant.
1758 4780 1832 4845 Quid

125 4868 263 4942 laetatam
278 4870 374 4944 ipsius
389 4873 418 4925 et
432 4868 557 4942 gratiam
573 4866 759 4924 decolorant?
1010 4883 1078 4941 ergo
1093 4867 1172 4924 aliud
1188 4873 1242 4939 est,
1263 4883 1352 4941 quam
1366 4867 1541 4925 calumniari
1551 4869 1653 4940 bonos,
1670 4874 1699 4926 et
1726 4868 1832 4925 Christi

163 4958 278 5016 CAPUT
299 4960 334 5016 ll.
351 4990 386 4999 -
399 4959 442 5013 An
457 4957 483 5014 si
509 4957 601 5014 Patria
624 4960 844 5013 Testamentum
869 4956 957 5013 habet
1010 4956 1222 5028 discipulerum
1234 4957 1406 5014 concordem
1417 4958 1561 5014 coetumin
1573 4958 1831 5016 crimendevocare

128 5046 228 5121 aliqua
242 5047 273 5103 in
289 5046 399 5121 quibus
414 5062 520 5120 parum
536 5045 640 5101 debeat
654 5046 749 5102 audiri
760 5045 867 5119 (Patris
876 5046 954 5102 enim
1010 5044 1183 5103 discordiae?
1197 5045 1264 5111 Quae
1278 5046 1407 5118 quiauos
1422 5046 1560 5121 legentes,
1571 5046 1831 5104 animadvertimus

126 5135 294 5194 esseuultis
309 5135 462 5192 iudaicam
479 5134 586 5209 legem,
603 5134 690 5205 cujus
706 5134 841 5190 novimus
866 5151 954 5207 quam
1010 5134 1106 5192 cordis
1120 5136 1223 5191 obtutu
1240 5136 1408 5207 sanissimo,
1424 5136 1625 5207 equissimum
1631 5134 1832 5207 judicavimus

126 5224 493 5292 multavobisborrorem,
510 5240 599 5296 quarn
623 5224 718 5278 multa
747 5224 888 5296 pudorem
917 5225 958 5280 la·
1010 5223 1133 5280 utilibus
1144 5224 1270 5298 acceptis
1280 5225 1439 5296 exiisdem,
1451 5225 1480 5281 id
1496 5229 1551 5295 est,
1570 5224 1607 5280 iis
1617 5240 1680 5297 qua
1699 5228 1728 5280 at
1743 5223 1832 5282 tidem

126 5315 216 5384 dant,
233 5317 421 5387 utquantum
434 5312 470 5369 ad
481 5311 614 5368 animum
622 5312 800 5384 jamdudum
812 5311 955 5385 ipsijudi·
1011 5317 1140 5370 nostram
1166 5314 1364 5384 edificent,et
1383 5314 1491 5370 Christi
1516 5312 1631 5370 Domini
1659 5315 1747 5386 atque
1765 5313 1833 5386 dus
1936 5324 1939 5329 '

126 5404 261 5462 mveritis
277 5419 343 5460 eam
358 5418 416 5458 uon
432 5417 496 5458 esse
511 5401 670 5471 sinceram,
686 5399 820 5472 quamvis
847 5401 955 5473 partim
1009 5401 1104 5460 Patris
1119 5403 1330 5476 omnipotentis
1340 5402 1389 5459 Dei
1405 5406 1566 5476 propagent
1579 5400 1714 5475 gloriam,
1727 5406 1833 5463 catera

126 5494 343 5568 abripiant
362 5488 954 5563 creditis,digitcauecamvobis,partim
1008 5492 1173 5566 repudiare,
1189 5508 1320 5566 quonec
1346 5492 1476 5564 ipsorum
1505 5491 1663 5563 majestati,
1689 5507 1743 5550 nec
1762 5492 1831 5551 lldsl
1894 5514 1900 5523 ·

127 5586 239 5657 leysos
249 5577 545 5655 acemanecestriae
553 5579 689 5651 integer),
708 5575 800 5634 solius
814 5578 878 5635 Filii
900 5597 954 5652 pu·
1008 5586 1115 5638 nostra
1131 5582 1313 5638 conveniant.
1887 5562 1900 5623 l

126 5672 200 5731 tatis
211 5672 435 5731 'tesmonium
449 5684 507 5727 non
522 5668 653 5743 potuisse
675 5666 834 5741 corrumpi,
858 5668 955 5728 solum
1044 5669 1508 5743 CAPUTll.-Proindenecvos,
1521 5670 1655 5728 utdieere
1672 5687 1829 5746 cuperem,
1862 5688 1900 5735 -·;-·
