3908 6128
93 454 134 519 80
392 454 398 463 '
829 444 948 510 tibuit
968 446 1086 513 udus.
1758 448 1801 511 att

95 592 139 647 ast
151 588 277 655 radten
294 584 419 645 neoullo
433 588 519 659 paeto
529 584 648 659 sapiens
662 582 822 656 quisquam
833 578 917 649 estat
970 580 1078 639 Verum
1093 583 1182 657 igitur
1195 584 1293 643 videre
1306 584 1390 654 vella,
1406 585 1440 641 ut
1453 580 1584 641 animam
1602 598 1795 657 perpaucum

93 676 312 735 saeveritatem
325 676 586 747 mentecontingat
601 691 608 729 :
626 686 915 744 negarenonposen-
972 670 1036 729 idco
1065 680 1206 748 purgetur
1230 680 1261 731 ut
1288 676 1398 745 videas,
1415 690 1583 747 perversum
1609 676 1797 744 certantque

94 766 247 824 musinter
261 765 419 822 stultitiam
436 764 564 821 hominis
577 768 606 820 et
621 762 851 820 sincerissimam
868 758 919 815 liei
973 768 1183 836 preposterum
1202 769 1258 821 est.
1273 764 1390 820 Homini
1405 779 1474 837 ergo
1490 780 1547 819 non
1571 760 1678 819 valenti
1694 777 1797 817 verum

93 855 244 913 raritatem
261 854 395 910 medium
412 854 552 926 quiddam
569 852 771 925 interpositam
787 864 851 905 essa
865 848 918 903 bo·
972 852 1092 924 intueri,
1107 858 1141 909 ut
1157 854 1191 909 ad
1207 853 1236 909 id
1253 854 1304 909 flat
1320 854 1453 923 idoneus,
1470 851 1645 924 purgarique
1658 866 1690 907 ae
1706 850 1794 919 ainai,

95 945 186 1001 minis
201 942 389 1017 sapientiam.
404 942 527 1014 Sapiens
543 942 632 1009 enim,
649 942 793 1012 quantum
818 939 918 993 datum
972 942 1131 998 auctoritas
1153 946 1258 1014 presto
1282 947 1328 998 est
1343 960 1350 995 ε
1367 958 1466 1013 quam,
1484 944 1517 996 ut
1531 939 1617 1013 paulo
1642 940 1795 1011 saladini,

93 1040 149 1100 ast,
163 1033 301 1089 imitatur
315 1037 405 1088 Deum
418 1050 427 1097 ς
442 1030 554 1087 bomini
570 1035 668 1086 autern
684 1028 785 1092 stulto,
800 1026 836 1082 ad
853 1026 919 1082 imi·
971 1030 1078 1102 partim
1094 1032 1257 1095 miraculis.
1271 1032 1378 1103 partim
1395 1030 1585 1085 multitudine
1600 1028 1696 1085 valera
1711 1044 1798 1085 neme

93 1122 219 1179 tandmu
235 1120 403 1187 salubriter,
420 1119 492 1175 nihil
508 1124 553 1176 est
574 1118 692 1176 homine
707 1117 840 1189 sapiente
853 1132 919 1187 pro·
971 1119 1105 1189 ambigit.
1131 1119 1306 1177 ltliraculum
1331 1136 1411 1186 voco,
1427 1118 1569 1190 quidquid
1594 1118 1719 1173 arduum
1743 1122 1796 1174 atat

94 1211 235 1285 piuquius
251 1227 259 1266 ε
275 1226 364 1282 quem
388 1210 539 1279 quoniam,
557 1212 590 1263 ut
604 1207 715 1262 dietum
739 1210 794 1273 est,
810 1203 920 1261 intelli·

93 1299 289 1375 peroratione
307 1316 364 1354 non
377 1297 459 1354 facile
474 1302 529 1363 est,
544 1296 696 1369 oportebat
708 1295 841 1368 quaedam
865 1292 918 1348 mi-

93 1388 197 1445 racula
212 1389 286 1460 ipsis
299 1386 392 1445 oculis
407 1385 566 1455 admoveri,
578 1385 687 1457 quibus
698 1388 821 1439 utuntur
836 1380 919 1439 stulti

95 1478 190 1532 multo
206 1493 295 1548 quam
323 1480 420 1531 mente
442 1474 638 1541 commodius,
655 1478 688 1527 ut
707 1476 919 1527 commotorum

94 1564 269 1623 auctoritate
277 1564 430 1620 hominum
441 1565 522 1635 prius
530 1564 590 1618 vita
598 1578 750 1631 moresque
761 1576 919 1633 purgaren-

94 1658 155 1717 tur,
171 1658 200 1709 et
214 1653 255 1708 ita
272 1653 375 1709 rationi
399 1652 573 1725 accipiende
589 1650 701 1706 habiles
720 1650 832 1705 tierent.
847 1652 918 1704 Cum

94 1742 186 1815 igitur
200 1746 231 1797 et
245 1742 333 1797 bomo
351 1745 429 1798 esset
442 1741 616 1807 imitandus,
631 1745 660 1794 et
684 1755 741 1795 non
757 1740 786 1792 in
803 1738 921 1794 bomine

95 1848 164 1904 spes
178 1834 334 1903 ponenda;
356 1830 427 1901 quid
445 1830 540 1902 potuit
553 1828 756 1900 indulgentius
772 1833 800 1883 et
815 1828 920 1883 libera·

95 1919 153 1975 lius
168 1918 310 1976 divinitus
326 1920 399 1989 lieri,
411 1936 500 1992 quam
517 1917 622 1989 utipss
637 1917 687 1973 ltsi
702 1916 826 1981 sincera,
838 1920 919 1973 tater-

96 2025 145 2075 aa,
166 2007 477 2079 incommutabilisque
498 2006 655 2078 Sapientia,
671 2005 718 2061 cui
744 2020 796 2060 nos
812 2005 920 2061 berem

95 2101 221 2170 oportet,
236 2096 388 2169 suscipere
411 2096 560 2151 hominem
576 2092 768 2167 dignaretur?
782 2093 836 2158 Qui
861 2110 919 2148 non

95 2186 182 2242 modo
197 2183 249 2241 iila
264 2186 382 2252 faceret,
397 2184 505 2257 quibus
519 2184 555 2239 ad
572 2183 755 2255 sequendum
767 2181 857 2238 Deum
874 2182 918 2238 in·

94 2276 274 2342 ritarcmur;
295 2274 346 2330 scd
361 2274 449 2330 ctiam
473 2273 524 2329 illa
545 2276 702 2345 pateretur,
719 2272 826 2343 quihus
842 2289 859 2327 a
873 2287 918 2327 se·

95 2364 211 2436 qnando
228 2368 285 2419 beo
298 2363 527 2419 deterrebamur.
542 2362 616 2417 Nam
637 2377 705 2416 eum
719 2360 841 2431 adipisci
855 2377 919 2416 cer·

94 2452 244 2507 tissimum
261 2468 294 2507 ac
310 2466 460 2507 summum
474 2451 582 2507 bonum
599 2466 685 2505 neme
701 2448 804 2522 possit,
816 2448 872 2505 nisi
889 2450 917 2504 id

93 2541 178 2612 plene
193 2542 379 2615 perfecteque
393 2540 546 2607 dilexerit;
568 2540 646 2613 quod
662 2539 742 2595 nullo
758 2544 842 2611 pacto
858 2540 917 2607 flet,

95 2631 237 2703 quamdiu
254 2630 333 2685 mals
343 2630 473 2701 eorporis
482 2634 568 2700 atque
577 2629 694 2686 fortuita
704 2629 917 2689 formidantur:

94 2717 142 2773 ille
167 2718 318 2775 nascendo
345 2718 517 2774 mirabiliter
531 2723 561 2775 st
582 2720 729 2790 operando
753 2717 918 2773 conciliavit

92 2808 289 2877 charitatem3
307 2806 457 2864 moriendo
473 2813 570 2863 autem
585 2811 613 2863 ct
627 2808 805 2879 resurgendo
820 2807 917 2863 exclu-

92 2897 129 2952 sit
144 2897 293 2953 timorem.
309 2897 376 2953 Jam
402 2913 468 2953 vero
492 2896 578 2952 talem
603 2913 635 2952 se
650 2896 678 2950 in
704 2896 815 2951 ceteris
831 2898 918 2953 rebus

90 2985 233 3041 omnibus
250 2986 386 3059 prebuit,
400 3002 473 3058 quas
489 2985 624 3058 persequi
640 2984 760 3058 longum
777 2988 918 3053 estetsi

89 3072 189 3129 divina
204 3073 361 3131 clementia
371 3091 429 3147 quo
444 3075 564 3147 porrigi,
575 3079 603 3131 et
618 3074 747 3131 humana
761 3074 917 3131 infirmitas

89 3180 151 3235 quo
166 3163 262 3236 possit
276 3164 357 3219 erebi
372 3165 559 3220 sentiremus.

123 3251 245 3308 CAPUT
260 3252 422 3309 xiil-34.
439 3254 594 3309 Auctoritas
607 3254 742 3309 dictinius
755 3256 915 3321 constituta,

86 3355 154 3413 quae
167 3342 274 3411 purtim
282 3342 721 3416 miraculia,pertimrcqucutium
732 3342 918 3399 multitudiue

86 3440 180 3486 moret
189 3430 227 3485 cd
234 3430 326 3500 fidere.
337 3430 402 3485 llaec
414 3436 469 3499 est,
479 3432 577 3497 crede,
590 3431 784 3487 saluberrima
793 3432 918 3488 auctori-

85 3522 148 3588 tas,
156 3518 216 3574 hec
226 3518 308 3590 prius
320 3519 427 3575 mentis
437 3526 543 3576 nostres
553 3524 695 3576 aterrena
704 3519 917 3580 inhabitatione

84 3606 365 3679 suspensio,baecin
376 3608 827 3681 lleutnverumabhujuamundi
838 3627 917 3667 amo-

85 3712 119 3752 re
147 3696 305 3752 conversio.
323 3696 391 3753 Sola
414 3702 459 3753 est
482 3699 650 3766 auctoritas,
666 3716 730 3771 quae
754 3704 916 3757 commovet

85 3783 203 3841 stultos
219 3792 250 3841 ut
261 3786 295 3841 ad
311 3786 486 3859 sapientiam
497 3787 637 3843 festinent
647 3789 666 3841 ¹.
677 3787 821 3854 Quamdiu
834 3789 916 3845 intel·

82 3874 182 3946 ligera
197 3875 309 3931 sincera
327 3892 385 3931 non
413 3892 582 3948 possumus,
599 3878 770 3933 auctoritato
793 3879 913 3950 quidem

79 3963 184 4034 decipi
193 3962 332 4018 miserum
349 3965 466 4019 est:sed
481 3970 559 4021 certe
572 3965 708 4021 miserius
719 3982 776 4021 non
793 3968 911 4023 moveri.

77 4050 111 4107 Si
131 4052 213 4106 enim
228 4051 278 4107 Dei
289 4053 473 4124 providentia
485 4070 542 4109 non
557 4053 692 4126 presidet
704 4055 792 4111 rebus
807 4053 911 4112 huma-

76 4140 146 4207 nis,
162 4138 234 4195 nihil
250 4145 294 4195 est
308 4142 345 4196 dc
361 4140 501 4214 religione
516 4142 722 4213 satagendum.
735 4143 784 4199 Sin
800 4160 867 4201 vere
883 4151 912 4203 et

76 4228 201 4301 species
224 4245 320 4284 rerum
345 4232 488 4301 omniurn,
505 4247 595 4303 quam
612 4231 739 4304 profecto
762 4250 797 4289 es
812 4234 911 4306 aliquo

74 4317 245 4373 verissime
260 4317 486 4391 pulchritudinis
502 4321 580 4377 fonte
598 4338 717 4377 manare
731 4324 909 4380 eredendum

75 4412 141 4473 est,
152 4406 309 4464 ctinterior
324 4409 421 4465 nescio
438 4410 706 4481 quoecunscicntia2
722 4411 813 4467 Deum
830 4430 909 4485 quee-

75 4495 211 4551 reudum
221 4494 338 4569 Deoque
349 4497 533 4554 serviendum
550 4498 685 4556 meliores
698 4518 829 4573 quosque
845 4503 908 4558 ani·

75 4600 150 4641 mos
165 4584 249 4656 quasi
266 4584 380 4656 publice
401 4587 595 4659 privatimque
611 4588 763 4659 hortatur,
789 4607 847 4646 non
862 4596 908 4648 cst

74 4673 300 4743 desperandum
316 4674 353 4729 ah
368 4674 468 4730 codem
481 4675 544 4747 ipso
561 4681 617 4731 Deo
632 4678 836 4735 auctoritatem
852 4679 906 4735 ali·

74 4777 173 4835 quam
191 4762 392 4831 coustitutum,
407 4780 465 4836 quo
480 4764 559 4820 velut
574 4766 669 4837 gradu
685 4772 762 4821 certo
779 4766 905 4825 inniten-

73 4856 137 4917 tes,
153 4849 323 4907 attollamur
337 4852 365 4906 in
382 4851 485 4908 Deum.
509 4858 575 4909 Hac
590 4862 699 4921 autem,
716 4856 844 4928 seposita
859 4874 904 4913 ra-

73 4940 172 5005 tione,
184 4955 271 5010 quam
287 4939 432 4997 sinceram
448 4942 620 5015 intelligere,
631 4950 664 5000 ut
676 4961 752 5017 saepc
762 4944 904 5015 diximus,

72 5026 288 5084 difficillimum
304 5028 404 5085 stultis
414 5035 468 5098 est,
478 5030 634 5103 dupliciter
643 5049 696 5088 nos
708 5038 803 5090 movet
817 5058 824 5103 ;
841 5051 905 5106 par-

71 5118 133 5174 tim
149 5116 308 5185 miraculis,
320 5119 428 5191 partim
439 5121 627 5191 sequentium
643 5121 840 5180 multitudiue.
853 5124 902 5179 Ni-

71 5206 119 5263 hil
136 5205 242 5262 horum
257 5211 301 5263 cst
326 5209 525 5264 necessarium
542 5209 685 5282 sapienti;
711 5211 777 5282 quis
793 5213 903 5285 negat?

70 5296 132 5352 Sed
147 5296 176 5351 id
201 5311 278 5351 nune
300 5294 408 5367 agitur,
425 5301 457 5352 ut
480 5299 627 5369 sapientes
651 5315 715 5355 csse
739 5299 899 5371 possimus,

70 5384 177 5456 idest,
196 5384 337 5440 inherere
363 5386 474 5441 recitati
493 5405 502 5441 .·
518 5388 594 5458 quod
611 5388 739 5460 profecto
762 5389 900 5447 sordidus

971 1208 1123 1265 insolitum
1140 1226 1230 1281 supra
1245 1226 1328 1281 spem
1344 1207 1387 1265 vel
1411 1206 1579 1264 facultatem
1594 1205 1729 1261 mirantis
1745 1222 1796 1279 ap·

971 1301 1063 1369 paret.
1073 1300 1103 1354 ln
1120 1315 1177 1370 quo
1192 1314 1297 1371 genere
1310 1296 1383 1353 nibil
1399 1299 1444 1352 est
1459 1294 1573 1368 populis
1584 1294 1681 1367 aptius
1692 1298 1721 1351 et
1735 1310 1796 1350 om-

971 1386 1041 1443 nino
1056 1387 1154 1444 stultis
1166 1387 1350 1449 hominihus,
1363 1402 1450 1458 quam
1462 1385 1490 1441 id
1503 1384 1580 1458 quod
1597 1383 1733 1439 sensibus
1743 1381 1796 1439 sd·

972 1480 1112 1533 movetur.
1130 1477 1185 1533 Sed
1202 1494 1306 1533 rursus
1322 1476 1384 1531 baee
1399 1476 1427 1531 in
1444 1475 1501 1530 duo
1515 1473 1703 1529 dividuntur:
1715 1487 1797 1545 quae·

971 1565 1038 1619 dam
1056 1566 1133 1620 enim
1151 1570 1296 1638 suntque
1312 1566 1410 1621 solam
1428 1564 1539 1620 iaciunt
1553 1560 1797 1629 admirationem

971 1655 1105 1725 quedam
1125 1670 1193 1711 rere
1210 1670 1347 1727 magnam
1363 1653 1450 1710 etiam
1473 1652 1597 1725 gratiam
1623 1649 1795 1707 benevolen-

970 1742 1103 1813 tiamque
1114 1743 1361 1800 conciliantNam
1374 1742 1397 1799 si
1411 1742 1477 1814 quis
1489 1741 1635 1797 volantem
1644 1738 1794 1796 hominem

971 1836 1155 1897 cornat‚cum
1172 1849 1205 1888 ee
1220 1849 1265 1889 res
1281 1832 1353 1888 nihil
1363 1830 1518 1904 spectatori
1530 1830 1632 1887 aflerat
1646 1828 1794 1886 commodi

970 1925 1073 1991 preter
1087 1922 1185 1993 ipsum
1209 1920 1421 1993 spectaculum,
1437 1920 1562 1977 miratur
1575 1918 1791 1976 tantummode.

971 2010 1001 2066 si
1022 2010 1089 2083 quis
1104 2014 1202 2067 autem
1217 2012 1296 2084 gravi
1314 2015 1342 2067 et
1368 2011 1520 2082 desperato
1535 2008 1636 2065 mecho
1660 2007 1793 2077 allectus,

971 2115 1037 2155 mox
1061 2099 1224 2171 utjuasnm
1250 2100 1337 2156 fuerit
1360 2098 1552 2165 convalescat,
1569 2096 1793 2154 admirationem

970 2189 1105 2245 sanitatis
1120 2206 1191 2255 auos,
1206 2188 1339 2245 sanantis
1364 2190 1452 2245 etism
1468 2189 1607 2244 charitate
1631 2186 1792 2261 superabit.

970 2276 1052 2333 'l'alia
1066 2278 1141 2334 facts
1156 2277 1285 2334 suntillo
1300 2283 1431 2351 tempore
1446 2294 1504 2350 quo
1520 2277 1595 2333 Deris
1606 2275 1638 2332 in
1653 2292 1720 2333 vero
1736 2276 1792 2333 bo-

970 2364 1057 2432 mine,
1070 2372 1212 2439 quantum
1228 2370 1274 2423 sat
1288 2372 1361 2435 erat,
1373 2366 1543 2423 hominihus
1558 2366 1726 2438 apparebat.
1740 2364 1797 2423 Sa·

969 2454 1030 2510 nati
1046 2455 1187 2527 languidi,
1204 2455 1338 2511 mundati
1364 2455 1490 2527 leprosi;
1515 2455 1649 2511 incessus
1664 2453 1789 2525 claudia,

969 2542 1054 2599 cecis
1073 2542 1165 2609 visus.
1180 2545 1280 2600 surdis
1295 2543 1411 2600 auditus
1425 2548 1470 2600 cst
1492 2544 1635 2600 redditus.
1651 2542 1790 2603 llomiues

968 2629 1048 2687 illius
1062 2632 1202 2704 temporis
1211 2649 1318 2705 aquam
1330 2632 1360 2689 in
1369 2632 1470 2689 vinum
1482 2636 1791 2699 conversamsaturata

969 2720 1099 2793 quinque
1122 2720 1219 2777 millia'
1236 2721 1368 2794 quinque
1380 2722 1517 2794 panibus,
1533 2720 1792 2793 transitapedibus

969 2809 1071 2881 marin,
1083 2812 1215 2865 mortuos
1229 2815 1416 2881 resurgentes
1430 2810 1584 2866 viderunt:
1601 2810 1643 2866 ita
1657 2811 1791 2883 quedam

969 2896 1082 2970 corpori
1096 2897 1294 2954 manifestiore
1306 2898 1456 2965 beneficio,
1468 2898 1602 2971 quedam
1617 2914 1685 2955 vero
1700 2900 1792 2957 menti

968 2985 1124 3042 occultiore
1150 2986 1242 3055 siano,
1259 2992 1287 3042 et
1311 2986 1409 3043 omnia
1434 2988 1601 3043 bominibus
1627 2988 1792 3061 majestatis

967 3076 1135 3132 testimonio
1158 3076 1382 3133 consulebant:
1409 3076 1451 3133 sic
1474 3076 1504 3132 in
1525 3093 1556 3133 se
1578 3079 1649 3134 tuuc
1674 3076 1789 3135 animas

969 3170 1100 3221 errantes
1111 3165 1278 3221 mortalium
1294 3164 1393 3221 divina
1403 3165 1605 3223 commovebat
1619 3167 1789 3225 auctoritas.

967 3254 1034 3321 Gur,
1049 3254 1158 3326 inquis,
1174 3254 1232 3310 ista
1243 3255 1329 3310 modo
1345 3271 1403 3311 non
1419 3254 1519 3311 flunt?
1533 3255 1605 3320 Quia
1620 3272 1678 3312 non
1694 3272 1792 3314 move·

968 3347 1041 3411 rent,
1053 3342 1109 3397 nisi
1121 3342 1196 3398 mira
1208 3349 1309 3400 essent
1323 3358 1331 3400 ε
1348 3348 1379 3400 at
1388 3345 1413 3399 si
1425 3343 1511 3400 solita
1525 3350 1633 3414 essent,
1646 3344 1721 3401 mira
1731 3362 1790 3402 non

966 3436 1065 3487 essent
1076 3430 1130 3501 (c).
1146 3435 1220 3487 Nam
1236 3431 1293 3487 diei
1309 3437 1338 3488 et
1352 3432 1446 3489 noctis
1461 3433 1550 3501 vices,
1565 3437 1594 3489 et
1614 3434 1790 3493 constantia·

967 3518 1076 3575 simum
1091 3519 1224 3575 ordinem
1248 3534 1347 3576 rerum
1370 3520 1544 3593 coelcstium,
1561 3539 1706 3580 annorum
1720 3540 1789 3599 qua-

967 3604 1117 3662 drifariam
1137 3607 1365 3671 conversionem,
1382 3608 1549 3664 decidentes
1572 3610 1788 3683 redeuntesque

968 3694 1086 3751 frondes
1110 3695 1274 3763 arboribus,
1296 3696 1440 3752 infinitam
1467 3698 1524 3753 vim
1541 3698 1698 3767 seminum,
1721 3699 1786 3773 pul·

966 3783 1163 3839 chritudinem
1180 3783 1263 3851 lucis,
1275 3784 1416 3851 colorum,
1433 3802 1581 3849 sonorum,
1593 3788 1727 3861 odorum,
1738 3806 1789 3847 sa-

966 3891 1130 3947 porumque
1148 3875 1315 3941 varietates,
1330 3876 1368 3931 da
1383 3876 1432 3949 qui
1449 3877 1577 3949 primum
1591 3878 1688 3933 videat
1701 3884 1790 3953 atqua

965 3964 1083 4031 sentiat,
1099 3979 1167 4018 cum
1183 3980 1240 4035 que
1256 3968 1356 4020 tamen
1377 3963 1458 4036 loqui
1475 3966 1640 4037 possimus;
1658 3965 1790 4024 hebescit
1904 4034 1907 4039 Ι

963 4051 1156 4124 obruiturque
1177 4051 1327 4108 miraculis
1344 4071 1352 4110 :
1369 4069 1422 4110 nos
1446 4070 1513 4110 vero
1528 4054 1589 4110 heco
1605 4054 1713 4124 omnia,
1730 4072 1788 4113 non

963 4140 1158 4211 cognoscendi
1182 4139 1339 4211 facilitate;
1369 4142 1440 4213 quid
1465 4144 1543 4199 enim
1568 4144 1665 4201 causis
1680 4144 1786 4203 horum

962 4229 1142 4287 obscurius?
1156 4229 1207 4286 sed
1223 4233 1300 4286 certe
1314 4231 1457 4287 sentiendi
1469 4232 1641 4289 assiduitate
1655 4237 1785 4292 contem·

962 4318 1071 4375 nimus.
1097 4318 1185 4374 Facta
1203 4325 1273 4375 sunt
1297 4320 1387 4393 igitur
1402 4319 1453 4376 illa
1477 4322 1737 4394 opportunissima,
1754 4328 1788 4383 ut

960 4406 1007 4463 bis
1024 4407 1212 4464 multitudine
1232 4408 1413 4465 credentium
1430 4416 1604 4485 congregata
1619 4415 1705 4485 atqua
1719 4428 1786 4487 pro·

960 4500 1078 4569 pagata,
1094 4496 1124 4551 in
1141 4496 1221 4568 ipsos
1238 4514 1335 4554 mores
1359 4498 1439 4555 utilis
1453 4506 1671 4558 converteretur
1685 4506 1787 4561 aucte·

960 4584 1042 4640 ritas.

995 4673 1111 4730 CAPUT
1126 4673 1211 4731 XVll.
1225 4707 1258 4718 -
1268 4676 1313 4732 35.
1326 4679 1493 4735 Macerioni
1505 4681 1615 4750 populis
1630 4696 1714 4752 quum
1727 4681 1784 4738 uti·

959 4761 1023 4818 liter
1036 4765 1202 4820 auctoritate
1212 4768 1348 4837 persuasi.
1364 4768 1498 4825 Ecclesiae
1506 4768 1648 4826 catholice
1661 4770 1782 4827 auctori-

957 4852 1008 4906 tas.
1025 4851 1119 4907 Mores
1143 4858 1240 4908 autem
1266 4853 1390 4927 quilibet
1405 4861 1517 4913 tantum
1532 4857 1628 4914 valent
1651 4858 1687 4914 ad
1703 4858 1782 4917 ohti-

957 4939 1070 4994 nendas
1081 4939 1235 4996 hominum
1249 4948 1373 5008 mentes,
1382 4948 1415 5087 qt
1430 4944 1518 4999 etium
1534 4947 1636 5018 quein
1653 4947 1700 5005 his
1715 4964 1782 5022 pra·

956 5114 1121 5187 improbare
1133 5117 1219 5174 citius
1227 5124 1255 5175 et
1263 5120 1399 5176 detestari
1404 5138 1500 5194 ,quam
1512 5124 1642 5182 deserere
1651 5130 1702 5182 aut
1716 5142 1783 5182 mu·

955 5208 1018 5261 tare
1032 5205 1193 5277 possimus.
1207 5212 1351 5266 Parumne
1364 5212 1532 5268 consultum
1544 5214 1631 5270 rebus
1642 5213 1782 5273 bumanls

954 5293 1116 5359 arbitraris,
1132 5297 1209 5367 qued
1227 5296 1299 5353 nibil
1314 5304 1475 5369 terrenum,
1493 5301 1565 5356 nihil
1586 5302 1715 5375 igneum,
1732 5304 1777 5361 ni·

954 5380 994 5437 hil
1010 5383 1135 5455 deniquo
1149 5386 1225 5456 quod
1241 5387 1372 5459 corporis
1386 5405 1492 5445 sensus
1507 5390 1632 5463 attingit,
1650 5409 1701 5464 pro
1718 5392 1777 5453 Deo

71 5474 194 5532 mimus
210 5487 267 5529 non
286 5476 391 5544 petest,
409 5474 485 5531 Sunt
508 5480 606 5531 autem
623 5478 724 5533 sordes
747 5477 850 5546 animi,
867 5483 901 5536 ut
952 5469 1107 5527 colendum
1132 5490 1206 5542 esse,
1223 5475 1258 5530 ad
1284 5492 1370 5545 quem
1385 5476 1447 5533 solo
1473 5477 1621 5535 intellectu
1643 5481 1776 5539 ambien-

69 5561 154 5619 hreri
169 5558 324 5634 explicem,
340 5577 423 5618 amor
445 5564 645 5634 quarumlibet
670 5581 779 5636 rerum,
795 5572 900 5639 preter
951 5559 1023 5616 dum
1039 5564 1094 5633 eat,
1112 5578 1169 5619 non
1187 5565 1270 5632 pauci
1287 5564 1448 5622 doctissimi
1474 5566 1637 5638 disputant,
1654 5571 1705 5628 sed
1721 5572 1779 5629 lm·

71 5650 208 5707 animum
238 5654 268 5705 et
295 5649 386 5705 Deum
412 5668 420 5707 :
446 5667 463 5705 a
490 5651 598 5723 quibua
622 5654 759 5711 sordibus
788 5662 899 5727 quanto
950 5648 1076 5721 peritum
1100 5648 1309 5724 etiamnulgus
1333 5653 1460 5708 marium
1488 5652 1725 5732 feminarumque
1748 5661 1779 5719 in

70 5738 200 5813 estquis
222 5738 384 5811 purgatior,
399 5744 481 5795 tanto
497 5757 596 5797 verum
622 5742 736 5802 facilius
755 5744 896 5803 intuetur
949 5741 1011 5793 tam
1027 5736 1130 5795 multis
1151 5739 1333 5810 diversisque
1348 5742 1487 5811 gentibus
1500 5748 1529 5801 et
1557 5746 1649 5803 eredit
1662 5751 1691 5804 et
1704 5764 1778 5825 prs.

128 5880 323 5933 ΡΙιι-ΙιιΙΙιι.
359 5882 493 5935 attinetur.
508 5882 631 5945 Q‚aldam
645 5886 810 5949 fulmentum

101 5942 174 5997 ⁸flia
210 5956 247 5996 ιι.
259 5942 294 5997 at
307 5882 381 6008 abbi,
395 5946 420 5997 et
435 5945 557 5999 iutertcrt
569 5886 663 6000 nectos
665 5962 717 6013 quc
730 5949 895 6006 concientia
977 5952 1012 6019 (a)
1026 5950 1037 6003 l
1050 5950 1177 6017 aeaut.
1192 5963 1254 6020 aab.
1267 5953 1399 6021 ll,tt..b
