<?xml version="1.0" encoding="UTF-8"?>
<!DOCTYPE html PUBLIC "-//W3C//DTD XHTML 1.0 Transitional//EN"
    "http://www.w3.org/TR/xhtml1/DTD/xhtml1-transitional.dtd">
<html xmlns="http://www.w3.org/1999/xhtml" xml:lang="en" lang="en">
 <head>
  <title>
</title>
<meta http-equiv="Content-Type" content="text/html;charset=utf-8" />
  <meta name='ocr-system' content='tesseract 3.04.00' />
  <meta name='ocr-capabilities' content='ocr_page ocr_carea ocr_par ocr_line ocrx_word'/>
</head>
<body>
  <div class='ocr_page' id='page_1' title='image "./patrologiaecurs01migngoog_0093.png"; bbox 0 0 3908 6128; ppageno 0'>
   <div class='ocr_carea' id='block_1_1' title="bbox 193 287 1901 370">
    <p class='ocr_par' dir='ltr' id='par_1_1' title="bbox 193 287 1901 370">
     <span class='ocr_line' id='line_1_1' title="bbox 193 287 1901 370; baseline -0.002 -18"><span class='ocrx_word' id='word_1_1' title='bbox 193 291 250 353; x_wconf 70' lang='lat'><strong>175</strong></span> <span class='ocrx_word' id='word_1_2' title='bbox 571 292 728 355; x_wconf 79' lang='lat' dir='ltr'><strong>CONTRA</strong></span> <span class='ocrx_word' id='word_1_3' title='bbox 752 295 977 358; x_wconf 72' lang='lat' dir='ltr'><strong>bptsrobaat</strong></span> <span class='ocrx_word' id='word_1_4' title='bbox 1000 293 1215 370; x_wconf 69' lang='lat' dir='ltr'><strong>mentuunt,</strong></span> <span class='ocrx_word' id='word_1_5' title='bbox 1240 299 1273 358; x_wconf 91' lang='lat' dir='ltr'><strong>S.</strong></span> <span class='ocrx_word' id='word_1_6' title='bbox 1296 294 1513 360; x_wconf 77' lang='lat' dir='ltr'><strong>AUGUS&#39;l‘lNl</strong></span> <span class='ocrx_word' id='word_1_7' title='bbox 1840 287 1901 349; x_wconf 73' lang='lat' dir='ltr'><strong>tab</strong></span> 
     </span>
    </p>
   </div>
   <div class='ocr_carea' id='block_1_2' title="bbox 193 422 1903 1124">
    <p class='ocr_par' dir='ltr' id='par_1_2' title="bbox 193 422 1903 856">
     <span class='ocr_line' id='line_1_2' title="bbox 193 422 1903 502; baseline -0.001 -23"><span class='ocrx_word' id='word_1_8' title='bbox 193 422 1017 495; x_wconf 82' lang='lat' dir='ltr'><strong>pertinaciterenimossqnsdesendi;saerirainvosomni-</strong></span> <span class='ocrx_word' id='word_1_9' title='bbox 1071 427 1231 485; x_wconf 85' lang='lat' dir='ltr'><strong>Videamus</strong></span> <span class='ocrx_word' id='word_1_10' title='bbox 1242 428 1333 502; x_wconf 81' lang='lat' dir='ltr'><strong>igitur</strong></span> <span class='ocrx_word' id='word_1_11' title='bbox 1343 428 1411 501; x_wconf 86' lang='lat' dir='ltr'><strong>quid</strong></span> <span class='ocrx_word' id='word_1_12' title='bbox 1425 443 1471 483; x_wconf 89' lang='lat' dir='ltr'><strong>me</strong></span> <span class='ocrx_word' id='word_1_13' title='bbox 1481 427 1583 483; x_wconf 87' lang='lat' dir='ltr'><strong>doeaet</strong></span> <span class='ocrx_word' id='word_1_14' title='bbox 1598 422 1785 494; x_wconf 66' lang='lat' dir='ltr'><strong>manicheus,</strong></span> <span class='ocrx_word' id='word_1_15' title='bbox 1802 426 1832 479; x_wconf 90' lang='lat' dir='ltr'><strong>et</strong></span> <span class='ocrx_word' id='word_1_16' title='bbox 1844 438 1903 495; x_wconf 92' lang='lat' dir='ltr'><strong>po·</strong></span> 
     </span>
     <span class='ocr_line' id='line_1_3' title="bbox 193 512 1902 589; baseline 0 -22"><span class='ocrx_word' id='word_1_17' title='bbox 193 528 231 567; x_wconf 93' lang='lat' dir='ltr'><strong>no</strong></span> <span class='ocrx_word' id='word_1_18' title='bbox 242 527 515 583; x_wconf 87' lang='lat' dir='ltr'><strong>nonpossum,quos</strong></span> <span class='ocrx_word' id='word_1_19' title='bbox 531 514 609 569; x_wconf 87' lang='lat' dir='ltr'><strong>sicut</strong></span> <span class='ocrx_word' id='word_1_20' title='bbox 619 513 819 587; x_wconf 85' lang='lat' dir='ltr'><strong>meipsnmillo</strong></span> <span class='ocrx_word' id='word_1_21' title='bbox 833 517 1018 589; x_wconf 89' lang='lat' dir='ltr'><strong>tempore‚ite</strong></span> <span class='ocrx_word' id='word_1_22' title='bbox 1071 517 1221 575; x_wconf 87' lang='lat' dir='ltr'><strong>tissimum</strong></span> <span class='ocrx_word' id='word_1_23' title='bbox 1230 517 1313 573; x_wconf 89' lang='lat' dir='ltr'><strong>illum</strong></span> <span class='ocrx_word' id='word_1_24' title='bbox 1323 517 1543 574; x_wconf 89' lang='lat' dir='ltr'><strong>consideremus</strong></span> <span class='ocrx_word' id='word_1_25' title='bbox 1556 515 1674 583; x_wconf 87' lang='lat' dir='ltr'><strong>librum,</strong></span> <span class='ocrx_word' id='word_1_26' title='bbox 1688 512 1902 585; x_wconf 86' lang='lat' dir='ltr'><strong>queannde·</strong></span> 
     </span>
     <span class='ocr_line' id='line_1_4' title="bbox 194 599 1901 678; baseline 0.001 -23"><span class='ocrx_word' id='word_1_27' title='bbox 194 616 274 656; x_wconf 89' lang='lat' dir='ltr'><strong>nuno</strong></span> <span class='ocrx_word' id='word_1_28' title='bbox 290 600 379 656; x_wconf 80' lang='lat' dir='ltr'><strong>debeo</strong></span> <span class='ocrx_word' id='word_1_29' title='bbox 395 600 551 674; x_wconf 88' lang='lat' dir='ltr'><strong>sustinere,</strong></span> <span class='ocrx_word' id='word_1_30' title='bbox 567 606 596 658; x_wconf 91' lang='lat' dir='ltr'><strong>et</strong></span> <span class='ocrx_word' id='word_1_31' title='bbox 610 607 693 660; x_wconf 92' lang='lat' dir='ltr'><strong>tante</strong></span> <span class='ocrx_word' id='word_1_32' title='bbox 709 606 849 677; x_wconf 89' lang='lat' dir='ltr'><strong>patientie</strong></span> <span class='ocrx_word' id='word_1_33' title='bbox 863 605 1016 662; x_wconf 90' lang='lat' dir='ltr'><strong>vobiscum</strong></span> <span class='ocrx_word' id='word_1_34' title='bbox 1072 604 1163 660; x_wconf 89' lang='lat' dir='ltr'><strong>menti</strong></span> <span class='ocrx_word' id='word_1_35' title='bbox 1173 605 1330 678; x_wconf 81' lang='lat' dir='ltr'><strong>Epistolam</strong></span> <span class='ocrx_word' id='word_1_36' title='bbox 1338 605 1445 673; x_wconf 88' lang='lat' dir='ltr'><strong>dicitis,</strong></span> <span class='ocrx_word' id='word_1_37' title='bbox 1455 604 1504 660; x_wconf 92' lang='lat' dir='ltr'><strong>ubi</strong></span> <span class='ocrx_word' id='word_1_38' title='bbox 1513 602 1771 675; x_wconf 89' lang='lat' dir='ltr'><strong>totumpeneqnod</strong></span> <span class='ocrx_word' id='word_1_39' title='bbox 1779 599 1901 657; x_wconf 89' lang='lat' dir='ltr'><strong>creditis</strong></span> 
     </span>
     <span class='ocr_line' id='line_1_5' title="bbox 195 688 1902 767; baseline 0.001 -23"><span class='ocrx_word' id='word_1_40' title='bbox 195 704 290 761; x_wconf 79' lang='lat' dir='ltr'><strong>agere,</strong></span> <span class='ocrx_word' id='word_1_41' title='bbox 307 694 417 761; x_wconf 89' lang='lat' dir='ltr'><strong>quante</strong></span> <span class='ocrx_word' id='word_1_42' title='bbox 432 706 546 746; x_wconf 89' lang='lat' dir='ltr'><strong>mecum</strong></span> <span class='ocrx_word' id='word_1_43' title='bbox 562 700 683 765; x_wconf 81' lang='lat' dir='ltr'><strong>egerunt</strong></span> <span class='ocrx_word' id='word_1_44' title='bbox 695 694 819 765; x_wconf 82' lang='lat' dir='ltr'>proximi</span> <span class='ocrx_word' id='word_1_45' title='bbox 831 694 897 763; x_wconf 87' lang='lat' dir='ltr'><strong>mei,</strong></span> <span class='ocrx_word' id='word_1_46' title='bbox 910 711 977 751; x_wconf 91' lang='lat' dir='ltr'><strong>cnm</strong></span> <span class='ocrx_word' id='word_1_47' title='bbox 988 694 1019 750; x_wconf 93' lang='lat' dir='ltr'><strong>in</strong></span> <span class='ocrx_word' id='word_1_48' title='bbox 1072 694 1248 750; x_wconf 80' lang='lat' dir='ltr'><strong>continetur.</strong></span> <span class='ocrx_word' id='word_1_49' title='bbox 1265 696 1333 767; x_wconf 89' lang='lat' dir='ltr'><strong>lpse</strong></span> <span class='ocrx_word' id='word_1_50' title='bbox 1360 694 1438 751; x_wconf 91' lang='lat' dir='ltr'><strong>anim</strong></span> <span class='ocrx_word' id='word_1_51' title='bbox 1462 693 1547 749; x_wconf 90' lang='lat' dir='ltr'><strong>nobis</strong></span> <span class='ocrx_word' id='word_1_52' title='bbox 1568 691 1618 748; x_wconf 92' lang='lat' dir='ltr'><strong>illo</strong></span> <span class='ocrx_word' id='word_1_53' title='bbox 1635 697 1765 764; x_wconf 90' lang='lat' dir='ltr'><strong>tempore</strong></span> <span class='ocrx_word' id='word_1_54' title='bbox 1781 688 1902 746; x_wconf 85' lang='lat' dir='ltr'><strong>miseris</strong></span> 
     </span>
     <span class='ocr_line' id='line_1_6' title="bbox 195 777 1899 856; baseline 0 -21"><span class='ocrx_word' id='word_1_55' title='bbox 195 782 289 835; x_wconf 84' lang='lat' dir='ltr'><strong>vestro</strong></span> <span class='ocrx_word' id='word_1_56' title='bbox 305 777 440 850; x_wconf 79' lang='lat' dir='ltr'><strong>dogmate</strong></span> <span class='ocrx_word' id='word_1_57' title='bbox 456 780 590 838; x_wconf 89' lang='lat' dir='ltr'><strong>rabiosus</strong></span> <span class='ocrx_word' id='word_1_58' title='bbox 607 786 636 838; x_wconf 91' lang='lat' dir='ltr'><strong>et</strong></span> <span class='ocrx_word' id='word_1_59' title='bbox 650 797 744 838; x_wconf 89' lang='lat' dir='ltr'><strong>caecus</strong></span> <span class='ocrx_word' id='word_1_60' title='bbox 755 799 894 839; x_wconf 88' lang='lat' dir='ltr'><strong>errarem.</strong></span> <span class='ocrx_word' id='word_1_61' title='bbox 1074 784 1191 856; x_wconf 89' lang='lat' dir='ltr'><strong>quando</strong></span> <span class='ocrx_word' id='word_1_62' title='bbox 1206 783 1280 840; x_wconf 90' lang='lat' dir='ltr'><strong>lecte</strong></span> <span class='ocrx_word' id='word_1_63' title='bbox 1303 787 1358 852; x_wconf 89' lang='lat' dir='ltr'><strong>est,</strong></span> <span class='ocrx_word' id='word_1_64' title='bbox 1383 782 1541 839; x_wconf 92' lang='lat' dir='ltr'><strong>illuminati</strong></span> <span class='ocrx_word' id='word_1_65' title='bbox 1563 781 1734 838; x_wconf 81' lang='lat' dir='ltr'><strong>dicebamur</strong></span> <span class='ocrx_word' id='word_1_66' title='bbox 1748 798 1765 835; x_wconf 92' lang='lat' dir='ltr'><strong>a</strong></span> <span class='ocrx_word' id='word_1_67' title='bbox 1781 778 1866 835; x_wconf 94' lang='lat' dir='ltr'><strong>vobis</strong></span> <span class='ocrx_word' id='word_1_68' title='bbox 1877 780 1899 835; x_wconf 93' lang='lat'><strong>¹.</strong></span> 
     </span>
    </p>

    <p class='ocr_par' dir='ltr' id='par_1_3' title="bbox 198 865 1903 1124">
     <span class='ocr_line' id='line_1_7' title="bbox 232 865 1903 946; baseline 0.001 -24"><span class='ocrx_word' id='word_1_69' title='bbox 232 866 259 922; x_wconf 84' lang='lat' dir='ltr'><strong>l.</strong></span> <span class='ocrx_word' id='word_1_70' title='bbox 271 865 413 925; x_wconf 87' lang='lat' dir='ltr'><strong>Utentem</strong></span> <span class='ocrx_word' id='word_1_71' title='bbox 421 869 537 927; x_wconf 89' lang='lat' dir='ltr'><strong>leoilius</strong></span> <span class='ocrx_word' id='word_1_72' title='bbox 546 871 717 939; x_wconf 86' lang='lat' dir='ltr'><strong>mitescatis,</strong></span> <span class='ocrx_word' id='word_1_73' title='bbox 727 875 755 929; x_wconf 91' lang='lat' dir='ltr'><strong>et</strong></span> <span class='ocrx_word' id='word_1_74' title='bbox 764 889 820 929; x_wconf 92' lang='lat' dir='ltr'><strong>non</strong></span> <span class='ocrx_word' id='word_1_75' title='bbox 832 871 950 929; x_wconf 90' lang='lat' dir='ltr'><strong>inimico</strong></span> <span class='ocrx_word' id='word_1_76' title='bbox 961 873 1020 930; x_wconf 91' lang='lat' dir='ltr'><strong>eni·</strong></span> <span class='ocrx_word' id='word_1_77' title='bbox 1073 872 1154 929; x_wconf 88' lang='lat' dir='ltr'><strong>Csrte</strong></span> <span class='ocrx_word' id='word_1_78' title='bbox 1169 872 1212 928; x_wconf 90' lang='lat' dir='ltr'><strong>sic</strong></span> <span class='ocrx_word' id='word_1_79' title='bbox 1225 872 1346 946; x_wconf 89' lang='lat' dir='ltr'><strong>incipit:</strong></span> <span class='ocrx_word' id='word_1_80' title='bbox 1362 871 1535 929; x_wconf 79' lang='lat' dir='ltr'><strong>Monicbaene</strong></span> <span class='ocrx_word' id='word_1_81' title='bbox 1558 870 1696 941; x_wconf 76' lang='lat' dir='ltr'><strong>apostotus</strong></span> <span class='ocrx_word' id='word_1_82' title='bbox 1716 871 1780 928; x_wconf 76' lang='lat' dir='ltr'><strong>tera</strong></span> <span class='ocrx_word' id='word_1_83' title='bbox 1792 866 1903 926; x_wconf 73' lang='lat' dir='ltr'><strong>Christi</strong></span> 
     </span>
     <span class='ocr_line' id='line_1_8' title="bbox 198 955 1902 1034; baseline 0.002 -23"><span class='ocrx_word' id='word_1_84' title='bbox 198 971 247 1012; x_wconf 91' lang='lat' dir='ltr'><strong>mo</strong></span> <span class='ocrx_word' id='word_1_85' title='bbox 257 955 563 1030; x_wconf 79' lang='lat' dir='ltr'><strong>robisqnepcrnicioso</strong></span> <span class='ocrx_word' id='word_1_86' title='bbox 571 959 641 1016; x_wconf 89' lang='lat' dir='ltr'><strong>mihi</strong></span> <span class='ocrx_word' id='word_1_87' title='bbox 649 962 855 1033; x_wconf 84' lang='lat' dir='ltr'><strong>adversemini,</strong></span> <span class='ocrx_word' id='word_1_88' title='bbox 867 961 938 1018; x_wconf 89' lang='lat' dir='ltr'><strong>illud</strong></span> <span class='ocrx_word' id='word_1_89' title='bbox 949 979 1020 1034; x_wconf 91' lang='lat' dir='ltr'><strong>quo·</strong></span> <span class='ocrx_word' id='word_1_90' title='bbox 1071 960 1245 1033; x_wconf 79' lang='lat' dir='ltr'><strong>providentio</strong></span> <span class='ocrx_word' id='word_1_91' title='bbox 1259 963 1307 1018; x_wconf 79' lang='lat' dir='ltr'><strong>ca·</strong></span> <span class='ocrx_word' id='word_1_92' title='bbox 1320 963 1424 1018; x_wconf 82' lang='lat' dir='ltr'><strong>l’atra&#39;e.</strong></span> <span class='ocrx_word' id='word_1_93' title='bbox 1440 965 1509 1020; x_wconf 68' lang='lat' dir='ltr'><strong>liene</strong></span> <span class='ocrx_word' id='word_1_94' title='bbox 1531 964 1596 1017; x_wconf 79' lang='lat' dir='ltr'><strong>eant</strong></span> <span class='ocrx_word' id='word_1_95' title='bbox 1610 960 1742 1016; x_wconf 82' lang='lat' dir='ltr'><strong>calabria</strong></span> <span class='ocrx_word' id='word_1_96' title='bbox 1757 959 1850 1028; x_wconf 67' lang='lat' dir='ltr'><strong>umbo,</strong></span> <span class='ocrx_word' id='word_1_97' title='bbox 1867 957 1902 1014; x_wconf 79' lang='lat' dir='ltr'><strong>de</strong></span> 
     </span>
     <span class='ocr_line' id='line_1_9' title="bbox 198 1043 1901 1124; baseline 0.002 -23"><span class='ocrx_word' id='word_1_98' title='bbox 198 1043 349 1116; x_wconf 81' lang='lat' dir='ltr'><strong>visjudice</strong></span> <span class='ocrx_word' id='word_1_99' title='bbox 361 1046 519 1119; x_wconf 86' lang='lat' dir='ltr'><strong>impetrare</strong></span> <span class='ocrx_word' id='word_1_100' title='bbox 531 1066 577 1106; x_wconf 91' lang='lat' dir='ltr'><strong>me</strong></span> <span class='ocrx_word' id='word_1_101' title='bbox 587 1067 604 1105; x_wconf 92' lang='lat' dir='ltr'><strong>a</strong></span> <span class='ocrx_word' id='word_1_102' title='bbox 616 1049 698 1107; x_wconf 86' lang='lat' dir='ltr'><strong>vobis</strong></span> <span class='ocrx_word' id='word_1_103' title='bbox 709 1055 831 1124; x_wconf 90' lang='lat' dir='ltr'><strong>oportet,</strong></span> <span class='ocrx_word' id='word_1_104' title='bbox 846 1056 878 1107; x_wconf 93' lang='lat' dir='ltr'><strong>ut</strong></span> <span class='ocrx_word' id='word_1_105' title='bbox 888 1068 922 1107; x_wconf 80' lang='lat' dir='ltr'><strong>ex</strong></span> <span class='ocrx_word' id='word_1_106' title='bbox 938 1057 1023 1109; x_wconf 91' lang='lat' dir='ltr'><strong>utre·</strong></span> <span class='ocrx_word' id='word_1_107' title='bbox 1071 1052 1189 1122; x_wconf 83' lang='lat' dir='ltr'><strong>perenni</strong></span> <span class='ocrx_word' id='word_1_108' title='bbox 1200 1067 1231 1107; x_wconf 86' lang='lat' dir='ltr'><strong>cc</strong></span> <span class='ocrx_word' id='word_1_109' title='bbox 1241 1053 1301 1107; x_wconf 75' lang='lat' dir='ltr'><strong>arico</strong></span> <span class='ocrx_word' id='word_1_110' title='bbox 1310 1053 1395 1123; x_wconf 77' lang='lat' dir='ltr'><strong>sonte.</strong></span> <span class='ocrx_word' id='word_1_111' title='bbox 1406 1051 1472 1107; x_wconf 86' lang='lat' dir='ltr'><strong>lam</strong></span> <span class='ocrx_word' id='word_1_112' title='bbox 1481 1067 1548 1107; x_wconf 92' lang='lat' dir='ltr'><strong>cum</strong></span> <span class='ocrx_word' id='word_1_113' title='bbox 1559 1051 1634 1106; x_wconf 93' lang='lat' dir='ltr'><strong>bone</strong></span> <span class='ocrx_word' id='word_1_114' title='bbox 1644 1048 1826 1123; x_wconf 89' lang='lat' dir='ltr'><strong>patientie,si</strong></span> <span class='ocrx_word' id='word_1_115' title='bbox 1836 1047 1901 1119; x_wconf 89' lang='lat' dir='ltr'><strong>ple·</strong></span> 
     </span>
    </p>
   </div>
   <div class='ocr_carea' id='block_1_3' title="bbox 197 1136 1030 5395">
    <p class='ocr_par' dir='ltr' id='par_1_4' title="bbox 198 1136 1027 2280">
     <span class='ocr_line' id='line_1_10' title="bbox 199 1136 1022 1212; baseline 0.009 -22"><span class='ocrx_word' id='word_1_116' title='bbox 199 1150 255 1206; x_wconf 91' lang='lat' dir='ltr'><strong>que</strong></span> <span class='ocrx_word' id='word_1_117' title='bbox 270 1139 352 1207; x_wconf 90' lang='lat' dir='ltr'><strong>perte</strong></span> <span class='ocrx_word' id='word_1_118' title='bbox 366 1136 462 1193; x_wconf 92' lang='lat' dir='ltr'><strong>omnis</strong></span> <span class='ocrx_word' id='word_1_119' title='bbox 476 1139 642 1211; x_wconf 87' lang='lat' dir='ltr'><strong>arrogantie</strong></span> <span class='ocrx_word' id='word_1_120' title='bbox 658 1140 830 1212; x_wconf 90' lang='lat' dir='ltr'><strong>deponetur.</strong></span> <span class='ocrx_word' id='word_1_121' title='bbox 846 1141 937 1197; x_wconf 89' lang='lat' dir='ltr'><strong>Nemo</strong></span> <span class='ocrx_word' id='word_1_122' title='bbox 954 1158 1022 1198; x_wconf 89' lang='lat' dir='ltr'><strong>nos·</strong></span> 
     </span>
     <span class='ocr_line' id='line_1_11' title="bbox 200 1223 1023 1302; baseline 0.009 -24"><span class='ocrx_word' id='word_1_123' title='bbox 200 1230 278 1279; x_wconf 89' lang='lat' dir='ltr'><strong>trum</strong></span> <span class='ocrx_word' id='word_1_124' title='bbox 291 1223 438 1296; x_wconf 89' lang='lat' dir='ltr'><strong>dicetjem</strong></span> <span class='ocrx_word' id='word_1_125' title='bbox 452 1242 483 1282; x_wconf 89' lang='lat' dir='ltr'><strong>se</strong></span> <span class='ocrx_word' id='word_1_126' title='bbox 492 1226 637 1284; x_wconf 88' lang='lat' dir='ltr'><strong>invenisse</strong></span> <span class='ocrx_word' id='word_1_127' title='bbox 647 1229 814 1286; x_wconf 89' lang='lat' dir='ltr'><strong>veritatem:</strong></span> <span class='ocrx_word' id='word_1_128' title='bbox 825 1231 938 1287; x_wconf 85' lang='lat' dir='ltr'><strong>siccam</strong></span> <span class='ocrx_word' id='word_1_129' title='bbox 947 1246 1023 1302; x_wconf 81' lang='lat' dir='ltr'><strong>que-</strong></span> 
     </span>
     <span class='ocr_line' id='line_1_12' title="bbox 199 1314 1023 1388; baseline 0.01 -21"><span class='ocrx_word' id='word_1_130' title='bbox 199 1328 311 1384; x_wconf 82' lang='lat' dir='ltr'><strong>remus,</strong></span> <span class='ocrx_word' id='word_1_131' title='bbox 328 1314 413 1386; x_wconf 87' lang='lat' dir='ltr'><strong>qnesi</strong></span> <span class='ocrx_word' id='word_1_132' title='bbox 428 1316 464 1370; x_wconf 93' lang='lat' dir='ltr'><strong>eb</strong></span> <span class='ocrx_word' id='word_1_133' title='bbox 481 1317 615 1388; x_wconf 88' lang='lat' dir='ltr'><strong>utrisque</strong></span> <span class='ocrx_word' id='word_1_134' title='bbox 631 1318 789 1375; x_wconf 88' lang='lat' dir='ltr'><strong>nescietur.</strong></span> <span class='ocrx_word' id='word_1_135' title='bbox 807 1320 849 1375; x_wconf 91' lang='lat' dir='ltr'><strong>lte</strong></span> <span class='ocrx_word' id='word_1_136' title='bbox 865 1320 944 1374; x_wconf 90' lang='lat' dir='ltr'><strong>enim</strong></span> <span class='ocrx_word' id='word_1_137' title='bbox 957 1317 1023 1375; x_wconf 91' lang='lat' dir='ltr'><strong>dili·</strong></span> 
     </span>
     <span class='ocr_line' id='line_1_13' title="bbox 199 1404 1023 1479; baseline 0.008 -23"><span class='ocrx_word' id='word_1_138' title='bbox 199 1407 299 1474; x_wconf 79' lang='lat' dir='ltr'><strong>genter</strong></span> <span class='ocrx_word' id='word_1_139' title='bbox 313 1407 342 1459; x_wconf 91' lang='lat' dir='ltr'><strong>et</strong></span> <span class='ocrx_word' id='word_1_140' title='bbox 357 1404 540 1461; x_wconf 91' lang='lat' dir='ltr'><strong>concorditer</strong></span> <span class='ocrx_word' id='word_1_141' title='bbox 554 1406 645 1478; x_wconf 78' lang='lat' dir='ltr'><strong>queri</strong></span> <span class='ocrx_word' id='word_1_142' title='bbox 662 1407 777 1479; x_wconf 91' lang='lat' dir='ltr'><strong>poterit,</strong></span> <span class='ocrx_word' id='word_1_143' title='bbox 793 1407 818 1463; x_wconf 86' lang='lat' dir='ltr'><strong>si</strong></span> <span class='ocrx_word' id='word_1_144' title='bbox 833 1407 914 1463; x_wconf 91' lang='lat' dir='ltr'><strong>nulle</strong></span> <span class='ocrx_word' id='word_1_145' title='bbox 929 1412 1023 1465; x_wconf 88' lang='lat' dir='ltr'><strong>teme-</strong></span> 
     </span>
     <span class='ocr_line' id='line_1_14' title="bbox 199 1489 1025 1570; baseline 0.007 -25"><span class='ocrx_word' id='word_1_146' title='bbox 199 1489 277 1546; x_wconf 89' lang='lat' dir='ltr'><strong>raria</strong></span> <span class='ocrx_word' id='word_1_147' title='bbox 290 1493 517 1566; x_wconf 79' lang='lat' dir='ltr'><strong>presumptione</strong></span> <span class='ocrx_word' id='word_1_148' title='bbox 532 1495 650 1551; x_wconf 91' lang='lat' dir='ltr'><strong>inventa</strong></span> <span class='ocrx_word' id='word_1_149' title='bbox 669 1501 697 1553; x_wconf 90' lang='lat' dir='ltr'><strong>et</strong></span> <span class='ocrx_word' id='word_1_150' title='bbox 711 1496 827 1570; x_wconf 79' lang='lat' dir='ltr'><strong>cognite</strong></span> <span class='ocrx_word' id='word_1_151' title='bbox 841 1513 905 1554; x_wconf 88' lang='lat' dir='ltr'><strong>esse</strong></span> <span class='ocrx_word' id='word_1_152' title='bbox 921 1497 1025 1552; x_wconf 92' lang='lat' dir='ltr'><strong>creda·</strong></span> 
     </span>
     <span class='ocr_line' id='line_1_15' title="bbox 198 1580 1023 1659; baseline 0.006 -24"><span class='ocrx_word' id='word_1_153' title='bbox 198 1580 258 1635; x_wconf 86' lang='lat' dir='ltr'><strong>tur.</strong></span> <span class='ocrx_word' id='word_1_154' title='bbox 275 1582 329 1637; x_wconf 81' lang='lat' dir='ltr'><strong>dut</strong></span> <span class='ocrx_word' id='word_1_155' title='bbox 346 1580 370 1636; x_wconf 91' lang='lat' dir='ltr'><strong>si</strong></span> <span class='ocrx_word' id='word_1_156' title='bbox 386 1580 440 1638; x_wconf 95' lang='lat' dir='ltr'><strong>hoc</strong></span> <span class='ocrx_word' id='word_1_157' title='bbox 454 1599 471 1638; x_wconf 92' lang='lat' dir='ltr'><strong>e</strong></span> <span class='ocrx_word' id='word_1_158' title='bbox 486 1584 567 1640; x_wconf 90' lang='lat' dir='ltr'><strong>vobis</strong></span> <span class='ocrx_word' id='word_1_159' title='bbox 583 1585 741 1658; x_wconf 87' lang='lat' dir='ltr'><strong>impetrare</strong></span> <span class='ocrx_word' id='word_1_160' title='bbox 752 1603 808 1642; x_wconf 91' lang='lat' dir='ltr'><strong>non</strong></span> <span class='ocrx_word' id='word_1_161' title='bbox 822 1602 954 1659; x_wconf 90' lang='lat' dir='ltr'><strong>possum,</strong></span> <span class='ocrx_word' id='word_1_162' title='bbox 965 1582 1023 1641; x_wconf 93' lang='lat' dir='ltr'><strong>sel·</strong></span> 
     </span>
     <span class='ocr_line' id='line_1_16' title="bbox 199 1667 1025 1746; baseline 0.006 -21"><span class='ocrx_word' id='word_1_163' title='bbox 199 1671 259 1725; x_wconf 86' lang='lat' dir='ltr'><strong>tam</strong></span> <span class='ocrx_word' id='word_1_164' title='bbox 289 1667 360 1725; x_wconf 93' lang='lat' dir='ltr'><strong>illud</strong></span> <span class='ocrx_word' id='word_1_165' title='bbox 391 1671 550 1737; x_wconf 89' lang='lat' dir='ltr'><strong>concedite,</strong></span> <span class='ocrx_word' id='word_1_166' title='bbox 579 1679 612 1729; x_wconf 91' lang='lat' dir='ltr'><strong>ut</strong></span> <span class='ocrx_word' id='word_1_167' title='bbox 635 1674 1025 1746; x_wconf 83' lang='lat' dir='ltr'><strong>vostanquemincoguitos</strong></span> 
     </span>
     <span class='ocr_line' id='line_1_17' title="bbox 200 1758 1023 1836; baseline 0.007 -24"><span class='ocrx_word' id='word_1_168' title='bbox 200 1773 279 1813; x_wconf 91' lang='lat' dir='ltr'><strong>nunc</strong></span> <span class='ocrx_word' id='word_1_169' title='bbox 295 1758 425 1830; x_wconf 92' lang='lat' dir='ltr'><strong>primum</strong></span> <span class='ocrx_word' id='word_1_170' title='bbox 449 1760 580 1831; x_wconf 88' lang='lat' dir='ltr'><strong>eudiem,</strong></span> <span class='ocrx_word' id='word_1_171' title='bbox 605 1780 683 1819; x_wconf 93' lang='lat' dir='ltr'><strong>nunc</strong></span> <span class='ocrx_word' id='word_1_172' title='bbox 707 1763 836 1836; x_wconf 86' lang='lat' dir='ltr'><strong>primurn</strong></span> <span class='ocrx_word' id='word_1_173' title='bbox 853 1763 1023 1819; x_wconf 86' lang='lat' dir='ltr'><strong>discutiam.</strong></span> 
     </span>
     <span class='ocr_line' id='line_1_18' title="bbox 199 1843 1024 1924; baseline 0.006 -22"><span class='ocrx_word' id='word_1_174' title='bbox 199 1843 320 1902; x_wconf 77' lang='lat' dir='ltr'><strong>lustum</strong></span> <span class='ocrx_word' id='word_1_175' title='bbox 335 1852 405 1919; x_wconf 90' lang='lat' dir='ltr'><strong>puto</strong></span> <span class='ocrx_word' id='word_1_176' title='bbox 420 1865 484 1905; x_wconf 88' lang='lat' dir='ltr'><strong>esse</strong></span> <span class='ocrx_word' id='word_1_177' title='bbox 499 1851 576 1923; x_wconf 90' lang='lat' dir='ltr'><strong>quod</strong></span> <span class='ocrx_word' id='word_1_178' title='bbox 593 1851 707 1922; x_wconf 92' lang='lat' dir='ltr'><strong>postulo</strong></span> <span class='ocrx_word' id='word_1_179' title='bbox 721 1869 727 1906; x_wconf 91' lang='lat'>:</span> <span class='ocrx_word' id='word_1_180' title='bbox 742 1851 796 1908; x_wconf 92' lang='lat' dir='ltr'><strong>bac</strong></span> <span class='ocrx_word' id='word_1_181' title='bbox 806 1869 877 1909; x_wconf 91' lang='lat' dir='ltr'><strong>sane</strong></span> <span class='ocrx_word' id='word_1_182' title='bbox 888 1852 951 1924; x_wconf 79' lang='lat' dir='ltr'><strong>lega</strong></span> <span class='ocrx_word' id='word_1_183' title='bbox 964 1868 1024 1909; x_wconf 90' lang='lat' dir='ltr'><strong>ser·</strong></span> 
     </span>
     <span class='ocr_line' id='line_1_19' title="bbox 200 1938 1024 2011; baseline 0.01 -21"><span class='ocrx_word' id='word_1_184' title='bbox 200 1938 277 2006; x_wconf 81' lang='lat' dir='ltr'><strong>veta,</strong></span> <span class='ocrx_word' id='word_1_185' title='bbox 294 1941 326 1991; x_wconf 89' lang='lat' dir='ltr'><strong>nt</strong></span> <span class='ocrx_word' id='word_1_186' title='bbox 341 1938 492 1994; x_wconf 85' lang='lat' dir='ltr'><strong>vobiscum</strong></span> <span class='ocrx_word' id='word_1_187' title='bbox 509 1956 567 1995; x_wconf 90' lang='lat' dir='ltr'><strong>non</strong></span> <span class='ocrx_word' id='word_1_188' title='bbox 582 1956 671 2011; x_wconf 89' lang='lat' dir='ltr'><strong>orem,</strong></span> <span class='ocrx_word' id='word_1_189' title='bbox 688 1958 746 1997; x_wconf 91' lang='lat' dir='ltr'><strong>non</strong></span> <span class='ocrx_word' id='word_1_190' title='bbox 761 1941 964 1999; x_wconf 88' lang='lat' dir='ltr'><strong>conventicula</strong></span> <span class='ocrx_word' id='word_1_191' title='bbox 978 1957 1024 1998; x_wconf 89' lang='lat' dir='ltr'><strong>ce·</strong></span> 
     </span>
     <span class='ocr_line' id='line_1_20' title="bbox 201 2023 1026 2101; baseline 0.006 -23"><span class='ocrx_word' id='word_1_192' title='bbox 201 2023 324 2097; x_wconf 87' lang='lat' dir='ltr'><strong>labrem,</strong></span> <span class='ocrx_word' id='word_1_193' title='bbox 335 2042 394 2081; x_wconf 90' lang='lat' dir='ltr'><strong>non</strong></span> <span class='ocrx_word' id='word_1_194' title='bbox 404 2025 554 2083; x_wconf 77' lang='lat' dir='ltr'><strong>Manichaei</strong></span> <span class='ocrx_word' id='word_1_195' title='bbox 566 2045 672 2086; x_wconf 88' lang='lat' dir='ltr'><strong>nomen</strong></span> <span class='ocrx_word' id='word_1_196' title='bbox 682 2029 834 2101; x_wconf 88' lang='lat' dir='ltr'><strong>accipiam,</strong></span> <span class='ocrx_word' id='word_1_197' title='bbox 847 2030 872 2086; x_wconf 88' lang='lat' dir='ltr'><strong>si</strong></span> <span class='ocrx_word' id='word_1_198' title='bbox 885 2047 942 2086; x_wconf 87' lang='lat' dir='ltr'><strong>non</strong></span> <span class='ocrx_word' id='word_1_199' title='bbox 953 2028 1026 2086; x_wconf 91' lang='lat' dir='ltr'><strong>mihi</strong></span> 
     </span>
     <span class='ocr_line' id='line_1_21' title="bbox 203 2112 1027 2191; baseline 0.008 -24"><span class='ocrx_word' id='word_1_200' title='bbox 203 2112 239 2169; x_wconf 89' lang='lat' dir='ltr'><strong>de</strong></span> <span class='ocrx_word' id='word_1_201' title='bbox 254 2114 391 2171; x_wconf 91' lang='lat' dir='ltr'><strong>omnibus</strong></span> <span class='ocrx_word' id='word_1_202' title='bbox 407 2115 496 2173; x_wconf 89' lang='lat' dir='ltr'><strong>rebus</strong></span> <span class='ocrx_word' id='word_1_203' title='bbox 509 2117 681 2175; x_wconf 87' lang='lat' dir='ltr'><strong>adsalutem</strong></span> <span class='ocrx_word' id='word_1_204' title='bbox 695 2118 799 2175; x_wconf 84' lang='lat' dir='ltr'><strong>enimn</strong></span> <span class='ocrx_word' id='word_1_205' title='bbox 812 2118 1027 2191; x_wconf 82' lang='lat' dir='ltr'><strong>pcrtinentibus</strong></span> 
     </span>
     <span class='ocr_line' id='line_1_22' title="bbox 202 2199 1025 2280; baseline 0.006 -23"><span class='ocrx_word' id='word_1_206' title='bbox 202 2199 267 2257; x_wconf 86' lang='lat' dir='ltr'><strong>sine</strong></span> <span class='ocrx_word' id='word_1_207' title='bbox 283 2200 344 2260; x_wconf 91' lang='lat' dir='ltr'><strong>ulla</strong></span> <span class='ocrx_word' id='word_1_208' title='bbox 357 2202 481 2278; x_wconf 80' lang='lat' dir='ltr'><strong>caligine</strong></span> <span class='ocrx_word' id='word_1_209' title='bbox 505 2205 648 2263; x_wconf 87' lang='lat' dir='ltr'><strong>rationem</strong></span> <span class='ocrx_word' id='word_1_210' title='bbox 672 2208 858 2280; x_wconf 89' lang='lat' dir='ltr'><strong>perspicuam</strong></span> <span class='ocrx_word' id='word_1_211' title='bbox 874 2206 1025 2263; x_wconf 88' lang='lat' dir='ltr'><strong>dederitis.</strong></span> 
     </span>
    </p>

    <p class='ocr_par' dir='ltr' id='par_1_5' title="bbox 197 2290 1030 5306">
     <span class='ocr_line' id='line_1_23' title="bbox 238 2290 1026 2370; baseline 0.008 -23"><span class='ocrx_word' id='word_1_212' title='bbox 238 2290 354 2348; x_wconf 82' lang='lat' dir='ltr'>CAPUT</span> <span class='ocrx_word' id='word_1_213' title='bbox 363 2296 412 2350; x_wconf 85' lang='lat' dir='ltr'><strong>IV.</strong></span> <span class='ocrx_word' id='word_1_214' title='bbox 424 2325 458 2336; x_wconf 92' lang='lat'>-</span> <span class='ocrx_word' id='word_1_215' title='bbox 468 2295 495 2352; x_wconf 86' lang='lat'><strong>5.</strong></span> <span class='ocrx_word' id='word_1_216' title='bbox 506 2295 676 2366; x_wconf 76' lang='lat' dir='ltr'><strong>Arpameatc</strong></span> <span class='ocrx_word' id='word_1_217' title='bbox 685 2295 754 2370; x_wconf 73' lang='lat' dir='ltr'><strong>fidei</strong></span> <span class='ocrx_word' id='word_1_218' title='bbox 763 2297 921 2355; x_wconf 77' lang='lat' dir='ltr'><strong>cctboticae.</strong></span> <span class='ocrx_word' id='word_1_219' title='bbox 935 2298 967 2353; x_wconf 88' lang='lat' dir='ltr'><strong>la</strong></span> <span class='ocrx_word' id='word_1_220' title='bbox 979 2313 1026 2353; x_wconf 92' lang='lat' dir='ltr'><strong>ce·</strong></span> 
     </span>
     <span class='ocr_line' id='line_1_24' title="bbox 202 2378 1026 2454; baseline 0.007 -18"><span class='ocrx_word' id='word_1_221' title='bbox 202 2378 312 2438; x_wconf 89' lang='lat' dir='ltr'><strong>tholica</strong></span> <span class='ocrx_word' id='word_1_222' title='bbox 322 2382 400 2438; x_wconf 89' lang='lat' dir='ltr'><strong>cuim</strong></span> <span class='ocrx_word' id='word_1_223' title='bbox 411 2382 550 2454; x_wconf 79' lang='lat' dir='ltr'><strong>Ecclesia,</strong></span> <span class='ocrx_word' id='word_1_224' title='bbox 560 2384 969 2442; x_wconf 85' lang='lat' dir='ltr'><strong>ntomittamsinoerissimam</strong></span> <span class='ocrx_word' id='word_1_225' title='bbox 979 2401 1026 2442; x_wconf 88' lang='lat' dir='ltr'><strong>se·</strong></span> 
     </span>
     <span class='ocr_line' id='line_1_25' title="bbox 202 2467 1028 2547; baseline 0.008 -24"><span class='ocrx_word' id='word_1_226' title='bbox 202 2467 354 2542; x_wconf 75' lang='lat' dir='ltr'><strong>pientiam,</strong></span> <span class='ocrx_word' id='word_1_227' title='bbox 366 2471 403 2527; x_wconf 91' lang='lat' dir='ltr'><strong>ad</strong></span> <span class='ocrx_word' id='word_1_228' title='bbox 417 2473 503 2545; x_wconf 90' lang='lat' dir='ltr'><strong>cujus</strong></span> <span class='ocrx_word' id='word_1_229' title='bbox 514 2475 710 2546; x_wconf 81' lang='lat' dir='ltr'><strong>cognitionem</strong></span> <span class='ocrx_word' id='word_1_230' title='bbox 722 2475 806 2547; x_wconf 91' lang='lat' dir='ltr'><strong>pauci</strong></span> <span class='ocrx_word' id='word_1_231' title='bbox 818 2473 987 2547; x_wconf 79' lang='lat' dir='ltr'><strong>spirituales</strong></span> <span class='ocrx_word' id='word_1_232' title='bbox 997 2473 1028 2530; x_wconf 92' lang='lat' dir='ltr'><strong>in</strong></span> 
     </span>
     <span class='ocr_line' id='line_1_26' title="bbox 201 2555 1027 2635; baseline 0.005 -21"><span class='ocrx_word' id='word_1_233' title='bbox 201 2555 257 2614; x_wconf 88' lang='lat' dir='ltr'><strong>hac</strong></span> <span class='ocrx_word' id='word_1_234' title='bbox 266 2557 325 2614; x_wconf 92' lang='lat' dir='ltr'><strong>vita</strong></span> <span class='ocrx_word' id='word_1_235' title='bbox 336 2559 519 2631; x_wconf 85' lang='lat' dir='ltr'><strong>perveniunt,</strong></span> <span class='ocrx_word' id='word_1_236' title='bbox 533 2567 565 2619; x_wconf 93' lang='lat' dir='ltr'><strong>ut</strong></span> <span class='ocrx_word' id='word_1_237' title='bbox 576 2579 641 2619; x_wconf 93' lang='lat' dir='ltr'><strong>eem</strong></span> <span class='ocrx_word' id='word_1_238' title='bbox 651 2580 686 2620; x_wconf 84' lang='lat' dir='ltr'><strong>ex</strong></span> <span class='ocrx_word' id='word_1_239' title='bbox 696 2564 819 2620; x_wconf 90' lang='lat' dir='ltr'><strong>minima</strong></span> <span class='ocrx_word' id='word_1_240' title='bbox 829 2563 948 2635; x_wconf 90' lang='lat' dir='ltr'><strong>quidem</strong></span> <span class='ocrx_word' id='word_1_241' title='bbox 960 2579 1027 2635; x_wconf 89' lang='lat' dir='ltr'><strong>per-</strong></span> 
     </span>
     <span class='ocr_line' id='line_1_27' title="bbox 203 2647 1028 2721; baseline 0.006 -19"><span class='ocrx_word' id='word_1_242' title='bbox 203 2648 244 2715; x_wconf 89' lang='lat' dir='ltr'><strong>te,</strong></span> <span class='ocrx_word' id='word_1_243' title='bbox 260 2647 329 2719; x_wconf 87' lang='lat' dir='ltr'><strong>quie</strong></span> <span class='ocrx_word' id='word_1_244' title='bbox 342 2647 476 2707; x_wconf 85' lang='lat' dir='ltr'><strong>homines</strong></span> <span class='ocrx_word' id='word_1_245' title='bbox 492 2655 572 2721; x_wconf 91' lang='lat' dir='ltr'><strong>sunt,</strong></span> <span class='ocrx_word' id='word_1_246' title='bbox 588 2653 638 2708; x_wconf 91' lang='lat' dir='ltr'><strong>sed</strong></span> <span class='ocrx_word' id='word_1_247' title='bbox 653 2657 751 2710; x_wconf 86' lang='lat' dir='ltr'><strong>temen</strong></span> <span class='ocrx_word' id='word_1_248' title='bbox 768 2653 831 2709; x_wconf 91' lang='lat' dir='ltr'><strong>sine</strong></span> <span class='ocrx_word' id='word_1_249' title='bbox 847 2651 1028 2708; x_wconf 81' lang='lat' dir='ltr'><strong>dubitatione</strong></span> 
     </span>
     <span class='ocr_line' id='line_1_28' title="bbox 203 2739 1029 2814; baseline 0.004 -23"><span class='ocrx_word' id='word_1_250' title='bbox 203 2739 1029 2814; x_wconf 76' lang='lat' dir='ltr'><strong>cognoscent:ceteramquippeturbamuoniatelligendi</strong></span> 
     </span>
     <span class='ocr_line' id='line_1_29' title="bbox 203 2822 1028 2903; baseline 0.005 -22"><span class='ocrx_word' id='word_1_251' title='bbox 203 2822 408 2896; x_wconf 85' lang='lat' dir='ltr'><strong>vivacitas,ssd</strong></span> <span class='ocrx_word' id='word_1_252' title='bbox 418 2829 554 2886; x_wconf 88' lang='lat' dir='ltr'><strong>credendi</strong></span> <span class='ocrx_word' id='word_1_253' title='bbox 565 2830 739 2903; x_wconf 88' lang='lat' dir='ltr'><strong>simplicitas</strong></span> <span class='ocrx_word' id='word_1_254' title='bbox 750 2831 930 2887; x_wconf 89' lang='lat' dir='ltr'><strong>tutissimam</strong></span> <span class='ocrx_word' id='word_1_255' title='bbox 942 2830 1028 2886; x_wconf 90' lang='lat' dir='ltr'><strong>lacit:</strong></span> 
     </span>
     <span class='ocr_line' id='line_1_30' title="bbox 204 2914 1029 2992; baseline 0.004 -21"><span class='ocrx_word' id='word_1_256' title='bbox 204 2917 238 2971; x_wconf 90' lang='lat' dir='ltr'><strong>ut</strong></span> <span class='ocrx_word' id='word_1_257' title='bbox 248 2929 317 2988; x_wconf 85' lang='lat' dir='ltr'><strong>ergo</strong></span> <span class='ocrx_word' id='word_1_258' title='bbox 329 2914 405 2973; x_wconf 92' lang='lat' dir='ltr'><strong>benc</strong></span> <span class='ocrx_word' id='word_1_259' title='bbox 417 2918 551 2975; x_wconf 86' lang='lat' dir='ltr'><strong>omittam</strong></span> <span class='ocrx_word' id='word_1_260' title='bbox 562 2919 748 2992; x_wconf 88' lang='lat' dir='ltr'><strong>sapientiam,</strong></span> <span class='ocrx_word' id='word_1_261' title='bbox 760 2936 847 2991; x_wconf 84' lang='lat' dir='ltr'><strong>quem</strong></span> <span class='ocrx_word' id='word_1_262' title='bbox 859 2920 889 2975; x_wconf 89' lang='lat' dir='ltr'><strong>ia</strong></span> <span class='ocrx_word' id='word_1_263' title='bbox 902 2917 1029 2977; x_wconf 77' lang='lat' dir='ltr'><strong>Ecclesia</strong></span> 
     </span>
     <span class='ocr_line' id='line_1_31' title="bbox 206 3002 1029 3081; baseline 0.005 -23"><span class='ocrx_word' id='word_1_264' title='bbox 206 3016 271 3059; x_wconf 86' lang='lat' dir='ltr'><strong>esec</strong></span> <span class='ocrx_word' id='word_1_265' title='bbox 280 3002 425 3063; x_wconf 90' lang='lat' dir='ltr'><strong>catholice</strong></span> <span class='ocrx_word' id='word_1_266' title='bbox 434 3024 491 3063; x_wconf 92' lang='lat' dir='ltr'><strong>non</strong></span> <span class='ocrx_word' id='word_1_267' title='bbox 503 3006 622 3065; x_wconf 89' lang='lat' dir='ltr'><strong>creditis</strong></span> <span class='ocrx_word' id='word_1_268' title='bbox 634 3027 641 3077; x_wconf 91' lang='lat'>;</span> <span class='ocrx_word' id='word_1_269' title='bbox 655 3008 749 3065; x_wconf 89' lang='lat' dir='ltr'><strong>multa</strong></span> <span class='ocrx_word' id='word_1_270' title='bbox 764 3014 834 3065; x_wconf 91' lang='lat' dir='ltr'><strong>sunt</strong></span> <span class='ocrx_word' id='word_1_271' title='bbox 848 3008 905 3066; x_wconf 91' lang='lat' dir='ltr'><strong>alie</strong></span> <span class='ocrx_word' id='word_1_272' title='bbox 920 3024 984 3081; x_wconf 83' lang='lat' dir='ltr'><strong>quc</strong></span> <span class='ocrx_word' id='word_1_273' title='bbox 998 3007 1029 3063; x_wconf 94' lang='lat' dir='ltr'><strong>in</strong></span> 
     </span>
     <span class='ocr_line' id='line_1_32' title="bbox 207 3089 1029 3167; baseline 0.009 -22"><span class='ocrx_word' id='word_1_274' title='bbox 207 3089 272 3163; x_wconf 88' lang='lat' dir='ltr'><strong>ejus</strong></span> <span class='ocrx_word' id='word_1_275' title='bbox 283 3092 395 3165; x_wconf 73' lang='lat' dir='ltr'><strong>grerrno</strong></span> <span class='ocrx_word' id='word_1_276' title='bbox 406 3095 628 3167; x_wconf 86' lang='lat' dir='ltr'><strong>mejustissimo</strong></span> <span class='ocrx_word' id='word_1_277' title='bbox 637 3100 764 3154; x_wconf 66' lang='lat' dir='ltr'><strong>mneent·</strong></span> <span class='ocrx_word' id='word_1_278' title='bbox 776 3096 867 3153; x_wconf 83' lang='lat' dir='ltr'><strong>Tenet</strong></span> <span class='ocrx_word' id='word_1_279' title='bbox 876 3095 1029 3153; x_wconf 80' lang='lat' dir='ltr'><strong>consensio</strong></span> 
     </span>
     <span class='ocr_line' id='line_1_33' title="bbox 208 3179 1030 3257; baseline 0.01 -23"><span class='ocrx_word' id='word_1_280' title='bbox 208 3179 1030 3257; x_wconf 78' lang='lat' dir='ltr'><strong>populorumatquegenttnmztenetenotoritesmiraculis</strong></span> 
     </span>
     <span class='ocr_line' id='line_1_34' title="bbox 209 3266 1029 3346; baseline 0.007 -22"><span class='ocrx_word' id='word_1_281' title='bbox 209 3266 1029 3346; x_wconf 86' lang='lat' dir='ltr'><strong>inchoate,spenutrita,charitateauete,vetnstete,fir·</strong></span> 
     </span>
     <span class='ocr_line' id='line_1_35' title="bbox 209 3362 1028 3438; baseline 0.01 -24"><span class='ocrx_word' id='word_1_282' title='bbox 209 3362 306 3415; x_wconf 90' lang='lat' dir='ltr'><strong>mate¹</strong></span> <span class='ocrx_word' id='word_1_283' title='bbox 319 3365 414 3418; x_wconf 85' lang='lat' dir='ltr'><strong>:tenet</strong></span> <span class='ocrx_word' id='word_1_284' title='bbox 423 3362 531 3435; x_wconf 85' lang='lat' dir='ltr'><strong>abipsa</strong></span> <span class='ocrx_word' id='word_1_285' title='bbox 538 3364 607 3421; x_wconf 88' lang='lat' dir='ltr'><strong>sedo</strong></span> <span class='ocrx_word' id='word_1_286' title='bbox 615 3363 692 3420; x_wconf 85' lang='lat' dir='ltr'><strong>Petri</strong></span> <span class='ocrx_word' id='word_1_287' title='bbox 705 3364 841 3437; x_wconf 85' lang='lat' dir='ltr'><strong>apostoli,</strong></span> <span class='ocrx_word' id='word_1_288' title='bbox 852 3365 898 3422; x_wconf 91' lang='lat' dir='ltr'><strong>cui</strong></span> <span class='ocrx_word' id='word_1_289' title='bbox 909 3381 1028 3438; x_wconf 89' lang='lat' dir='ltr'><strong>pescen-</strong></span> 
     </span>
     <span class='ocr_line' id='line_1_36' title="bbox 206 3448 1028 3523; baseline 0.009 -19"><span class='ocrx_word' id='word_1_290' title='bbox 206 3448 1028 3523; x_wconf 84' lang='lat' dir='ltr'><strong>desovessnespostresurreotionemDomincscommen·</strong></span> 
     </span>
     <span class='ocr_line' id='line_1_37' title="bbox 205 3539 1029 3618; baseline 0.007 -23"><span class='ocrx_word' id='word_1_291' title='bbox 205 3539 294 3608; x_wconf 84' lang='lat' dir='ltr'><strong>derit,</strong></span> <span class='ocrx_word' id='word_1_292' title='bbox 310 3557 405 3613; x_wconf 89' lang='lat' dir='ltr'><strong>usque</strong></span> <span class='ocrx_word' id='word_1_293' title='bbox 421 3542 456 3598; x_wconf 94' lang='lat' dir='ltr'><strong>ed</strong></span> <span class='ocrx_word' id='word_1_294' title='bbox 473 3546 647 3615; x_wconf 79' lang='lat' dir='ltr'><strong>presentem</strong></span> <span class='ocrx_word' id='word_1_295' title='bbox 664 3543 865 3618; x_wconf 86' lang='lat' dir='ltr'><strong>episcopatum</strong></span> <span class='ocrx_word' id='word_1_296' title='bbox 881 3544 1029 3602; x_wconf 88' lang='lat' dir='ltr'><strong>successio</strong></span> 
     </span>
     <span class='ocr_line' id='line_1_38' title="bbox 204 3629 1028 3706; baseline 0.005 -20"><span class='ocrx_word' id='word_1_297' title='bbox 204 3629 408 3687; x_wconf 87' lang='lat' dir='ltr'><strong>secerdotum:</strong></span> <span class='ocrx_word' id='word_1_298' title='bbox 424 3635 504 3689; x_wconf 90' lang='lat' dir='ltr'><strong>tenet</strong></span> <span class='ocrx_word' id='word_1_299' title='bbox 518 3635 665 3703; x_wconf 89' lang='lat' dir='ltr'><strong>postremo</strong></span> <span class='ocrx_word' id='word_1_300' title='bbox 692 3632 790 3706; x_wconf 90' lang='lat' dir='ltr'><strong>ipsum</strong></span> <span class='ocrx_word' id='word_1_301' title='bbox 805 3633 960 3691; x_wconf 74' lang='lat' dir='ltr'><strong>Catholicae</strong></span> <span class='ocrx_word' id='word_1_302' title='bbox 975 3650 1028 3691; x_wconf 92' lang='lat' dir='ltr'><strong>no-</strong></span> 
     </span>
     <span class='ocr_line' id='line_1_39' title="bbox 203 3721 1027 3794; baseline 0.007 -19"><span class='ocrx_word' id='word_1_303' title='bbox 203 3736 281 3788; x_wconf 91' lang='lat' dir='ltr'><strong>men,</strong></span> <span class='ocrx_word' id='word_1_304' title='bbox 294 3721 371 3794; x_wconf 92' lang='lat' dir='ltr'><strong>quod</strong></span> <span class='ocrx_word' id='word_1_305' title='bbox 385 3736 443 3777; x_wconf 92' lang='lat' dir='ltr'><strong>non</strong></span> <span class='ocrx_word' id='word_1_306' title='bbox 453 3722 519 3779; x_wconf 89' lang='lat' dir='ltr'><strong>sine</strong></span> <span class='ocrx_word' id='word_1_307' title='bbox 530 3738 619 3780; x_wconf 88' lang='lat' dir='ltr'><strong>cause</strong></span> <span class='ocrx_word' id='word_1_308' title='bbox 629 3722 772 3780; x_wconf 89' lang='lat' dir='ltr'><strong>intertem</strong></span> <span class='ocrx_word' id='word_1_309' title='bbox 784 3723 892 3780; x_wconf 87' lang='lat' dir='ltr'><strong>multas</strong></span> <span class='ocrx_word' id='word_1_310' title='bbox 902 3723 1027 3781; x_wconf 79' lang='lat' dir='ltr'><strong>hereses</strong></span> 
     </span>
     <span class='ocr_line' id='line_1_40' title="bbox 203 3808 1027 3879; baseline 0.005 -13"><span class='ocrx_word' id='word_1_311' title='bbox 203 3809 245 3866; x_wconf 90' lang='lat' dir='ltr'><strong>sio</strong></span> <span class='ocrx_word' id='word_1_312' title='bbox 256 3809 313 3867; x_wconf 87' lang='lat' dir='ltr'><strong>ista</strong></span> <span class='ocrx_word' id='word_1_313' title='bbox 324 3808 453 3867; x_wconf 76' lang='lat' dir='ltr'><strong>Ecclesia</strong></span> <span class='ocrx_word' id='word_1_314' title='bbox 464 3809 527 3868; x_wconf 88' lang='lat' dir='ltr'><strong>sola</strong></span> <span class='ocrx_word' id='word_1_315' title='bbox 537 3811 674 3879; x_wconf 89' lang='lat' dir='ltr'><strong>obtinuit,</strong></span> <span class='ocrx_word' id='word_1_316' title='bbox 690 3817 723 3869; x_wconf 94' lang='lat' dir='ltr'><strong>nt</strong></span> <span class='ocrx_word' id='word_1_317' title='bbox 737 3829 804 3869; x_wconf 91' lang='lat' dir='ltr'><strong>eum</strong></span> <span class='ocrx_word' id='word_1_318' title='bbox 821 3829 924 3870; x_wconf 89' lang='lat' dir='ltr'><strong>ornnes</strong></span> <span class='ocrx_word' id='word_1_319' title='bbox 939 3813 1027 3871; x_wconf 83' lang='lat' dir='ltr'><strong>baere·</strong></span> 
     </span>
     <span class='ocr_line' id='line_1_41' title="bbox 203 3895 1028 3975; baseline 0.007 -21"><span class='ocrx_word' id='word_1_320' title='bbox 203 3895 253 3954; x_wconf 92' lang='lat' dir='ltr'><strong>tici</strong></span> <span class='ocrx_word' id='word_1_321' title='bbox 268 3913 299 3953; x_wconf 88' lang='lat' dir='ltr'><strong>se</strong></span> <span class='ocrx_word' id='word_1_322' title='bbox 314 3897 473 3955; x_wconf 87' lang='lat' dir='ltr'><strong>catholicos</strong></span> <span class='ocrx_word' id='word_1_323' title='bbox 488 3899 545 3955; x_wconf 92' lang='lat' dir='ltr'><strong>dici</strong></span> <span class='ocrx_word' id='word_1_324' title='bbox 560 3899 660 3972; x_wconf 85' lang='lat' dir='ltr'><strong>velint,</strong></span> <span class='ocrx_word' id='word_1_325' title='bbox 677 3900 819 3973; x_wconf 77' lang='lat' dir='ltr'><strong>querenti</strong></span> <span class='ocrx_word' id='word_1_326' title='bbox 833 3906 931 3959; x_wconf 88' lang='lat' dir='ltr'><strong>tamen</strong></span> <span class='ocrx_word' id='word_1_327' title='bbox 947 3919 1028 3975; x_wconf 90' lang='lat' dir='ltr'><strong>pare·</strong></span> 
     </span>
     <span class='ocr_line' id='line_1_42' title="bbox 202 3984 1026 4059; baseline 0.012 -20"><span class='ocrx_word' id='word_1_328' title='bbox 202 3984 287 4059; x_wconf 82' lang='lat' dir='ltr'><strong>grino</strong></span> <span class='ocrx_word' id='word_1_329' title='bbox 303 3984 402 4057; x_wconf 88' lang='lat' dir='ltr'><strong>alieni,</strong></span> <span class='ocrx_word' id='word_1_330' title='bbox 413 3986 464 4042; x_wconf 93' lang='lat' dir='ltr'><strong>nbi</strong></span> <span class='ocrx_word' id='word_1_331' title='bbox 476 3988 511 4043; x_wconf 93' lang='lat' dir='ltr'><strong>ed</strong></span> <span class='ocrx_word' id='word_1_332' title='bbox 524 3987 701 4044; x_wconf 89' lang='lat' dir='ltr'><strong>Catholicem</strong></span> <span class='ocrx_word' id='word_1_333' title='bbox 714 3993 913 4055; x_wconf 82' lang='lat' dir='ltr'><strong>conveniatur,</strong></span> <span class='ocrx_word' id='word_1_334' title='bbox 926 3991 1026 4049; x_wconf 90' lang='lat' dir='ltr'><strong>nullus</strong></span> 
     </span>
     <span class='ocr_line' id='line_1_43' title="bbox 203 4072 1027 4138; baseline 0.008 -9"><span class='ocrx_word' id='word_1_335' title='bbox 203 4072 456 4132; x_wconf 80' lang='lat' dir='ltr'><strong>hereticorumrel</strong></span> <span class='ocrx_word' id='word_1_336' title='bbox 466 4075 617 4133; x_wconf 93' lang='lat' dir='ltr'><strong>besilicam</strong></span> <span class='ocrx_word' id='word_1_337' title='bbox 629 4094 713 4133; x_wconf 89' lang='lat' dir='ltr'><strong>snam</strong></span> <span class='ocrx_word' id='word_1_338' title='bbox 725 4077 768 4133; x_wconf 84' lang='lat' dir='ltr'><strong>rol</strong></span> <span class='ocrx_word' id='word_1_339' title='bbox 783 4079 903 4135; x_wconf 90' lang='lat' dir='ltr'><strong>domum</strong></span> <span class='ocrx_word' id='word_1_340' title='bbox 921 4082 1027 4138; x_wconf 85' lang='lat' dir='ltr'><strong>audeat</strong></span> 
     </span>
     <span class='ocr_line' id='line_1_44' title="bbox 203 4165 1025 4239; baseline 0.006 -19"><span class='ocrx_word' id='word_1_341' title='bbox 203 4165 367 4221; x_wconf 87' lang='lat' dir='ltr'><strong>ostendere.</strong></span> <span class='ocrx_word' id='word_1_342' title='bbox 382 4169 442 4221; x_wconf 85' lang='lat' dir='ltr'><strong>lste</strong></span> <span class='ocrx_word' id='word_1_343' title='bbox 455 4181 523 4239; x_wconf 80' lang='lat' dir='ltr'><strong>ergo</strong></span> <span class='ocrx_word' id='word_1_344' title='bbox 539 4171 582 4222; x_wconf 91' lang='lat' dir='ltr'><strong>tot</strong></span> <span class='ocrx_word' id='word_1_345' title='bbox 596 4172 624 4222; x_wconf 90' lang='lat' dir='ltr'><strong>st</strong></span> <span class='ocrx_word' id='word_1_346' title='bbox 638 4172 720 4224; x_wconf 88' lang='lat' dir='ltr'><strong>tenta</strong></span> <span class='ocrx_word' id='word_1_347' title='bbox 731 4168 859 4224; x_wconf 91' lang='lat' dir='ltr'><strong>nominis</strong></span> <span class='ocrx_word' id='word_1_348' title='bbox 872 4169 1025 4227; x_wconf 88' lang='lat' dir='ltr'><strong>christiani</strong></span> 
     </span>
     <span class='ocr_line' id='line_1_45' title="bbox 201 4252 1026 4313; baseline 0.006 -5"><span class='ocrx_word' id='word_1_349' title='bbox 201 4252 526 4310; x_wconf 74' lang='lat' dir='ltr'><strong>obesissime²vineu1a</strong></span> <span class='ocrx_word' id='word_1_350' title='bbox 541 4258 618 4311; x_wconf 91' lang='lat' dir='ltr'><strong>recte</strong></span> <span class='ocrx_word' id='word_1_351' title='bbox 634 4254 782 4312; x_wconf 90' lang='lat' dir='ltr'><strong>hominem</strong></span> <span class='ocrx_word' id='word_1_352' title='bbox 799 4261 896 4313; x_wconf 90' lang='lat' dir='ltr'><strong>tenent</strong></span> <span class='ocrx_word' id='word_1_353' title='bbox 910 4257 1026 4313; x_wconf 89' lang='lat' dir='ltr'><strong>creden·</strong></span> 
     </span>
     <span class='ocr_line' id='line_1_46' title="bbox 200 4341 1025 4418; baseline 0.006 -21"><span class='ocrx_word' id='word_1_354' title='bbox 200 4344 261 4398; x_wconf 92' lang='lat' dir='ltr'><strong>tem</strong></span> <span class='ocrx_word' id='word_1_355' title='bbox 274 4341 305 4398; x_wconf 90' lang='lat' dir='ltr'><strong>in</strong></span> <span class='ocrx_word' id='word_1_356' title='bbox 318 4341 461 4400; x_wconf 89' lang='lat' dir='ltr'><strong>catholica</strong></span> <span class='ocrx_word' id='word_1_357' title='bbox 490 4341 629 4412; x_wconf 78' lang='lat' dir='ltr'><strong>Ecclesia,</strong></span> <span class='ocrx_word' id='word_1_358' title='bbox 655 4343 769 4402; x_wconf 89' lang='lat' dir='ltr'><strong>etiamsi</strong></span> <span class='ocrx_word' id='word_1_359' title='bbox 786 4350 904 4418; x_wconf 90' lang='lat' dir='ltr'><strong>propter</strong></span> <span class='ocrx_word' id='word_1_360' title='bbox 918 4351 1025 4403; x_wconf 80' lang='lat' dir='ltr'><strong>nostra</strong></span> 
     </span>
     <span class='ocr_line' id='line_1_47' title="bbox 200 4428 1024 4504; baseline 0.006 -18"><span class='ocrx_word' id='word_1_361' title='bbox 200 4428 398 4504; x_wconf 78' lang='lat' dir='ltr'><strong>intelligentie</strong></span> <span class='ocrx_word' id='word_1_362' title='bbox 427 4431 596 4490; x_wconf 85' lang='lat' dir='ltr'><strong>tarditatem</strong></span> <span class='ocrx_word' id='word_1_363' title='bbox 623 4431 668 4488; x_wconf 85' lang='lat' dir='ltr'><strong>val</strong></span> <span class='ocrx_word' id='word_1_364' title='bbox 687 4432 753 4490; x_wconf 85' lang='lat' dir='ltr'><strong>vites</strong></span> <span class='ocrx_word' id='word_1_365' title='bbox 769 4433 903 4491; x_wconf 89' lang='lat' dir='ltr'><strong>meritum</strong></span> <span class='ocrx_word' id='word_1_366' title='bbox 919 4433 1024 4492; x_wconf 88' lang='lat' dir='ltr'><strong>veritas</strong></span> 
     </span>
     <span class='ocr_line' id='line_1_48' title="bbox 200 4520 1023 4596; baseline 0.006 -20"><span class='ocrx_word' id='word_1_367' title='bbox 200 4520 331 4577; x_wconf 89' lang='lat' dir='ltr'><strong>nondam</strong></span> <span class='ocrx_word' id='word_1_368' title='bbox 346 4537 378 4577; x_wconf 89' lang='lat' dir='ltr'><strong>se</strong></span> <span class='ocrx_word' id='word_1_369' title='bbox 392 4520 577 4596; x_wconf 90' lang='lat' dir='ltr'><strong>apertissime</strong></span> <span class='ocrx_word' id='word_1_370' title='bbox 592 4521 740 4579; x_wconf 90' lang='lat' dir='ltr'><strong>ostendet.</strong></span> <span class='ocrx_word' id='word_1_371' title='bbox 756 4524 840 4595; x_wconf 81' lang='lat' dir='ltr'><strong>Apud</strong></span> <span class='ocrx_word' id='word_1_372' title='bbox 852 4541 902 4579; x_wconf 89' lang='lat' dir='ltr'><strong>vos</strong></span> <span class='ocrx_word' id='word_1_373' title='bbox 912 4527 1023 4593; x_wconf 89' lang='lat' dir='ltr'><strong>eutem,</strong></span> 
     </span>
     <span class='ocr_line' id='line_1_49' title="bbox 198 4607 1024 4681; baseline 0.005 -16"><span class='ocrx_word' id='word_1_374' title='bbox 198 4607 250 4665; x_wconf 89' lang='lat' dir='ltr'><strong>ubi</strong></span> <span class='ocrx_word' id='word_1_375' title='bbox 265 4608 339 4665; x_wconf 92' lang='lat' dir='ltr'><strong>nihil</strong></span> <span class='ocrx_word' id='word_1_376' title='bbox 354 4607 459 4666; x_wconf 90' lang='lat' dir='ltr'><strong>horum</strong></span> <span class='ocrx_word' id='word_1_377' title='bbox 474 4611 610 4681; x_wconf 88' lang='lat' dir='ltr'><strong>estquod</strong></span> <span class='ocrx_word' id='word_1_378' title='bbox 624 4626 670 4666; x_wconf 89' lang='lat' dir='ltr'><strong>ms</strong></span> <span class='ocrx_word' id='word_1_379' title='bbox 683 4610 787 4668; x_wconf 87' lang='lat' dir='ltr'><strong>invitat</strong></span> <span class='ocrx_word' id='word_1_380' title='bbox 798 4628 831 4667; x_wconf 90' lang='lat' dir='ltr'><strong>ec</strong></span> <span class='ocrx_word' id='word_1_381' title='bbox 842 4616 947 4678; x_wconf 90' lang='lat' dir='ltr'><strong>teneat,</strong></span> <span class='ocrx_word' id='word_1_382' title='bbox 960 4611 1024 4669; x_wconf 93' lang='lat' dir='ltr'><strong>sole</strong></span> 
     </span>
     <span class='ocr_line' id='line_1_50' title="bbox 198 4698 1022 4772; baseline 0.006 -18"><span class='ocrx_word' id='word_1_383' title='bbox 198 4702 337 4771; x_wconf 88' lang='lat' dir='ltr'><strong>personat</strong></span> <span class='ocrx_word' id='word_1_384' title='bbox 351 4699 482 4755; x_wconf 88' lang='lat' dir='ltr'><strong>veritatis</strong></span> <span class='ocrx_word' id='word_1_385' title='bbox 498 4698 684 4772; x_wconf 87' lang='lat' dir='ltr'><strong>pollicitatio:</strong></span> <span class='ocrx_word' id='word_1_386' title='bbox 707 4716 771 4771; x_wconf 77' lang='lat' dir='ltr'><strong>que</strong></span> <span class='ocrx_word' id='word_1_387' title='bbox 786 4700 904 4772; x_wconf 87' lang='lat' dir='ltr'><strong>quidem</strong></span> <span class='ocrx_word' id='word_1_388' title='bbox 920 4700 946 4758; x_wconf 91' lang='lat' dir='ltr'><strong>si</strong></span> <span class='ocrx_word' id='word_1_389' title='bbox 961 4707 1022 4759; x_wconf 90' lang='lat' dir='ltr'><strong>tam</strong></span> 
     </span>
     <span class='ocr_line' id='line_1_51' title="bbox 199 4785 1020 4856; baseline 0.005 -13"><span class='ocrx_word' id='word_1_390' title='bbox 199 4785 356 4843; x_wconf 81' lang='lat' dir='ltr'><strong>manifeste</strong></span> <span class='ocrx_word' id='word_1_391' title='bbox 384 4791 576 4856; x_wconf 87' lang='lat' dir='ltr'><strong>monstretur,</strong></span> <span class='ocrx_word' id='word_1_392' title='bbox 607 4791 639 4843; x_wconf 91' lang='lat' dir='ltr'><strong>ut</strong></span> <span class='ocrx_word' id='word_1_393' title='bbox 667 4787 697 4843; x_wconf 93' lang='lat' dir='ltr'><strong>in</strong></span> <span class='ocrx_word' id='word_1_394' title='bbox 712 4787 835 4845; x_wconf 90' lang='lat' dir='ltr'><strong>dubium</strong></span> <span class='ocrx_word' id='word_1_395' title='bbox 850 4790 948 4846; x_wconf 87' lang='lat' dir='ltr'><strong>venire</strong></span> <span class='ocrx_word' id='word_1_396' title='bbox 962 4807 1020 4847; x_wconf 91' lang='lat' dir='ltr'><strong>non</strong></span> 
     </span>
     <span class='ocr_line' id='line_1_52' title="bbox 198 4875 1021 4951; baseline 0.006 -19"><span class='ocrx_word' id='word_1_397' title='bbox 198 4875 303 4949; x_wconf 87' lang='lat' dir='ltr'><strong>possit,</strong></span> <span class='ocrx_word' id='word_1_398' title='bbox 317 4877 513 4948; x_wconf 79' lang='lat' dir='ltr'><strong>preponenda</strong></span> <span class='ocrx_word' id='word_1_399' title='bbox 526 4880 572 4933; x_wconf 90' lang='lat' dir='ltr'><strong>est</strong></span> <span class='ocrx_word' id='word_1_400' title='bbox 583 4876 722 4932; x_wconf 90' lang='lat' dir='ltr'><strong>omnibus</strong></span> <span class='ocrx_word' id='word_1_401' title='bbox 732 4876 791 4933; x_wconf 91' lang='lat' dir='ltr'><strong>illis</strong></span> <span class='ocrx_word' id='word_1_402' title='bbox 803 4879 901 4947; x_wconf 90' lang='lat' dir='ltr'><strong>rebus,</strong></span> <span class='ocrx_word' id='word_1_403' title='bbox 913 4879 1021 4951; x_wconf 86' lang='lat' dir='ltr'><strong>quibus</strong></span> 
     </span>
     <span class='ocr_line' id='line_1_53' title="bbox 198 4964 1020 5041; baseline 0.004 -19"><span class='ocrx_word' id='word_1_404' title='bbox 198 4964 390 5022; x_wconf 80' lang='lat' dir='ltr'><strong>incatholice</strong></span> <span class='ocrx_word' id='word_1_405' title='bbox 416 4969 535 5033; x_wconf 86' lang='lat' dir='ltr'><strong>tencor;</strong></span> <span class='ocrx_word' id='word_1_406' title='bbox 560 4964 586 5021; x_wconf 89' lang='lat' dir='ltr'><strong>si</strong></span> <span class='ocrx_word' id='word_1_407' title='bbox 611 4970 710 5023; x_wconf 87' lang='lat' dir='ltr'><strong>eutem</strong></span> <span class='ocrx_word' id='word_1_408' title='bbox 735 4968 939 5024; x_wconf 88' lang='lat' dir='ltr'><strong>tantummodo</strong></span> <span class='ocrx_word' id='word_1_409' title='bbox 954 4986 1020 5041; x_wconf 90' lang='lat' dir='ltr'><strong>pro-</strong></span> 
     </span>
     <span class='ocr_line' id='line_1_54' title="bbox 199 5053 1019 5125; baseline 0.005 -14"><span class='ocrx_word' id='word_1_410' title='bbox 199 5054 337 5122; x_wconf 88' lang='lat' dir='ltr'><strong>mittitur,</strong></span> <span class='ocrx_word' id='word_1_411' title='bbox 352 5058 382 5111; x_wconf 90' lang='lat' dir='ltr'><strong>et</strong></span> <span class='ocrx_word' id='word_1_412' title='bbox 405 5070 463 5110; x_wconf 94' lang='lat' dir='ltr'><strong>non</strong></span> <span class='ocrx_word' id='word_1_413' title='bbox 490 5053 654 5125; x_wconf 82' lang='lat' dir='ltr'><strong>exhibetur,</strong></span> <span class='ocrx_word' id='word_1_414' title='bbox 675 5070 761 5110; x_wconf 89' lang='lat' dir='ltr'><strong>nemo</strong></span> <span class='ocrx_word' id='word_1_415' title='bbox 778 5071 825 5112; x_wconf 89' lang='lat' dir='ltr'><strong>me</strong></span> <span class='ocrx_word' id='word_1_416' title='bbox 840 5057 968 5113; x_wconf 89' lang='lat' dir='ltr'><strong>movebit</strong></span> <span class='ocrx_word' id='word_1_417' title='bbox 983 5058 1019 5115; x_wconf 91' lang='lat' dir='ltr'><strong>ab</strong></span> 
     </span>
     <span class='ocr_line' id='line_1_55' title="bbox 197 5142 1018 5216; baseline 0.005 -16"><span class='ocrx_word' id='word_1_418' title='bbox 197 5142 380 5216; x_wconf 82' lang='lat' dir='ltr'><strong>calidaque</strong></span> <span class='ocrx_word' id='word_1_419' title='bbox 402 5145 536 5200; x_wconf 89' lang='lat' dir='ltr'><strong>enimam</strong></span> <span class='ocrx_word' id='word_1_420' title='bbox 559 5157 659 5198; x_wconf 86' lang='lat' dir='ltr'><strong>mcum</strong></span> <span class='ocrx_word' id='word_1_421' title='bbox 683 5146 728 5199; x_wconf 93' lang='lat' dir='ltr'><strong>tot</strong></span> <span class='ocrx_word' id='word_1_422' title='bbox 746 5148 775 5200; x_wconf 88' lang='lat' dir='ltr'><strong>et</strong></span> <span class='ocrx_word' id='word_1_423' title='bbox 789 5145 880 5202; x_wconf 88' lang='lat' dir='ltr'><strong>tantis</strong></span> <span class='ocrx_word' id='word_1_424' title='bbox 895 5146 1018 5205; x_wconf 87' lang='lat' dir='ltr'><strong>nexibus</strong></span> 
     </span>
     <span class='ocr_line' id='line_1_56' title="bbox 197 5230 696 5306; baseline 0 -19"><span class='ocrx_word' id='word_1_425' title='bbox 197 5230 364 5290; x_wconf 82' lang='lat' dir='ltr'><strong>christiane</strong></span> <span class='ocrx_word' id='word_1_426' title='bbox 379 5231 535 5306; x_wconf 80' lang='lat' dir='ltr'><strong>religioni³</strong></span> <span class='ocrx_word' id='word_1_427' title='bbox 550 5230 696 5305; x_wconf 80' lang='lat' dir='ltr'><strong>astringit.</strong></span> 
     </span>
    </p>

    <p class='ocr_par' dir='ltr' id='par_1_6' title="bbox 230 5321 1015 5395">
     <span class='ocr_line' id='line_1_57' title="bbox 230 5321 1015 5395; baseline 0.014 -19"><span class='ocrx_word' id='word_1_428' title='bbox 230 5322 346 5379; x_wconf 77' lang='lat' dir='ltr'><strong>CAPUT</strong></span> <span class='ocrx_word' id='word_1_429' title='bbox 356 5322 389 5378; x_wconf 90' lang='lat' dir='ltr'><strong>V.</strong></span> <span class='ocrx_word' id='word_1_430' title='bbox 403 5353 436 5365; x_wconf 96' lang='lat'>-</span> <span class='ocrx_word' id='word_1_431' title='bbox 445 5322 473 5380; x_wconf 85' lang='grc'><strong>6.</strong></span> <span class='ocrx_word' id='word_1_432' title='bbox 483 5321 585 5379; x_wconf 85' lang='lat' dir='ltr'><strong>Contra</strong></span> <span class='ocrx_word' id='word_1_433' title='bbox 595 5322 710 5378; x_wconf 80' lang='lat' dir='ltr'><strong>litatem</strong></span> <span class='ocrx_word' id='word_1_434' title='bbox 718 5323 849 5395; x_wconf 76' lang='lat' dir='ltr'><strong>Epietotae</strong></span> <span class='ocrx_word' id='word_1_435' title='bbox 859 5326 1015 5387; x_wconf 75' lang='lat' dir='ltr'><strong>bonicbaei.</strong></span> 
     </span>
    </p>
   </div>
   <div class='ocr_carea' id='block_1_4' title="bbox 224 5540 892 5668">
    <p class='ocr_par' dir='ltr' id='par_1_7' title="bbox 224 5540 892 5668">
     <span class='ocr_line' id='line_1_58' title="bbox 225 5540 892 5606; baseline 0.01 -15"><span class='ocrx_word' id='word_1_436' title='bbox 225 5543 233 5577; x_wconf 88' lang='lat'><strong>¹</strong></span> <span class='ocrx_word' id='word_1_437' title='bbox 248 5540 277 5591; x_wconf 92' lang='lat' dir='ltr'><strong>ln</strong></span> <span class='ocrx_word' id='word_1_438' title='bbox 288 5542 441 5594; x_wconf 85' lang='lat' dir='ltr'><strong>Corbelensl</strong></span> <span class='ocrx_word' id='word_1_439' title='bbox 453 5545 553 5606; x_wconf 89' lang='lat' dir='ltr'><strong>codice,</strong></span> <span class='ocrx_word' id='word_1_440' title='bbox 568 5545 653 5601; x_wconf 88' lang='lat' dir='ltr'><strong>deest,</strong></span> <span class='ocrx_word' id='word_1_441' title='bbox 672 5545 747 5594; x_wconf 81' lang='lat' dir='ltr'><strong>aucto</strong></span> <span class='ocrx_word' id='word_1_442' title='bbox 760 5546 892 5598; x_wconf 74' lang='lat' dir='ltr'><strong>censeare.</strong></span> 
     </span>
     <span class='ocr_line' id='line_1_59' title="bbox 224 5604 564 5668; baseline 0.012 -15"><span class='ocrx_word' id='word_1_443' title='bbox 224 5604 236 5641; x_wconf 83' lang='lat'><strong>¹</strong></span> <span class='ocrx_word' id='word_1_444' title='bbox 250 5604 307 5654; x_wconf 86' lang='lat' dir='ltr'><strong>Duo</strong></span> <span class='ocrx_word' id='word_1_445' title='bbox 322 5606 395 5668; x_wconf 79' lang='lat' dir='ltr'><strong>lise,</strong></span> <span class='ocrx_word' id='word_1_446' title='bbox 409 5606 564 5657; x_wconf 75' lang='lat' dir='ltr'><strong>clarissimo.</strong></span> 
     </span>
    </p>
   </div>
   <div class='ocr_carea' id='block_1_5' title="bbox 224 5666 702 5739">
    <p class='ocr_par' dir='ltr' id='par_1_8' title="bbox 224 5666 702 5739">
     <span class='ocr_line' id='line_1_60' title="bbox 224 5666 702 5739; baseline -0.006 -16"><span class='ocrx_word' id='word_1_447' title='bbox 224 5666 308 5739; x_wconf 55' lang='lat' dir='ltr'><strong>idm.</strong></span> <span class='ocrx_word' id='word_1_448' title='bbox 324 5671 351 5720; x_wconf 88' lang='lat' dir='ltr'><strong>et</strong></span> <span class='ocrx_word' id='word_1_449' title='bbox 365 5682 460 5721; x_wconf 85' lang='lat' dir='ltr'><strong>omncs</strong></span> <span class='ocrx_word' id='word_1_450' title='bbox 473 5668 545 5732; x_wconf 75' lang='lat' dir='ltr'><strong>tiss,</strong></span> <span class='ocrx_word' id='word_1_451' title='bbox 558 5668 702 5734; x_wconf 62' lang='lat' dir='ltr'><strong>abstante.</strong></span> 
     </span>
    </p>
   </div>
   <div class='ocr_carea' id='block_1_6' title="bbox 1074 1137 1943 5126">
    <p class='ocr_par' dir='ltr' id='par_1_9' title="bbox 1074 1137 1943 5126">
     <span class='ocr_line' id='line_1_61' title="bbox 1075 1137 1900 1213; baseline -0.004 -17"><span class='ocrx_word' id='word_1_452' title='bbox 1075 1145 1129 1205; x_wconf 86' lang='lat' dir='ltr'><strong>cet,</strong></span> <span class='ocrx_word' id='word_1_453' title='bbox 1147 1141 1288 1197; x_wconf 89' lang='lat' dir='ltr'><strong>attendite</strong></span> <span class='ocrx_word' id='word_1_454' title='bbox 1301 1141 1371 1213; x_wconf 92' lang='lat' dir='ltr'><strong>quid</strong></span> <span class='ocrx_word' id='word_1_455' title='bbox 1387 1156 1526 1213; x_wconf 82' lang='lat' dir='ltr'><strong>quarem.</strong></span> <span class='ocrx_word' id='word_1_456' title='bbox 1542 1138 1603 1195; x_wconf 92' lang='lat' dir='ltr'><strong>Non</strong></span> <span class='ocrx_word' id='word_1_457' title='bbox 1627 1138 1712 1195; x_wconf 92' lang='lat' dir='ltr'><strong>credo</strong></span> <span class='ocrx_word' id='word_1_458' title='bbox 1727 1137 1818 1194; x_wconf 89' lang='lat' dir='ltr'><strong>istum</strong></span> <span class='ocrx_word' id='word_1_459' title='bbox 1832 1150 1900 1193; x_wconf 87' lang='lat' dir='ltr'><strong>esse</strong></span> 
     </span>
     <span class='ocr_line' id='line_1_62' title="bbox 1075 1225 1901 1302; baseline -0.005 -16"><span class='ocrx_word' id='word_1_460' title='bbox 1075 1229 1241 1302; x_wconf 88' lang='lat' dir='ltr'><strong>apostolum</strong></span> <span class='ocrx_word' id='word_1_461' title='bbox 1257 1230 1375 1286; x_wconf 83' lang='lat' dir='ltr'><strong>Christi.</strong></span> <span class='ocrx_word' id='word_1_462' title='bbox 1388 1230 1490 1295; x_wconf 82' lang='lat' dir='ltr'><strong>Queso</strong></span> <span class='ocrx_word' id='word_1_463' title='bbox 1501 1245 1538 1286; x_wconf 88' lang='lat' dir='ltr'><strong>nc</strong></span> <span class='ocrx_word' id='word_1_464' title='bbox 1549 1227 1758 1295; x_wconf 88' lang='lat' dir='ltr'><strong>succenseatis,</strong></span> <span class='ocrx_word' id='word_1_465' title='bbox 1773 1225 1901 1283; x_wconf 86' lang='lat' dir='ltr'><strong>etmate-</strong></span> 
     </span>
     <span class='ocr_line' id='line_1_63' title="bbox 1075 1313 1902 1391; baseline 0 -19"><span class='ocrx_word' id='word_1_466' title='bbox 1075 1318 1170 1374; x_wconf 91' lang='lat' dir='ltr'><strong>dicere</strong></span> <span class='ocrx_word' id='word_1_467' title='bbox 1185 1318 1342 1391; x_wconf 89' lang='lat' dir='ltr'><strong>incipiatis.</strong></span> <span class='ocrx_word' id='word_1_468' title='bbox 1358 1318 1457 1375; x_wconf 89' lang='lat' dir='ltr'><strong>Nostis</strong></span> <span class='ocrx_word' id='word_1_469' title='bbox 1472 1318 1550 1374; x_wconf 90' lang='lat' dir='ltr'><strong>enirn</strong></span> <span class='ocrx_word' id='word_1_470' title='bbox 1567 1334 1612 1373; x_wconf 86' lang='lat' dir='ltr'><strong>me</strong></span> <span class='ocrx_word' id='word_1_471' title='bbox 1627 1316 1777 1383; x_wconf 87' lang='lat' dir='ltr'><strong>statuisse,</strong></span> <span class='ocrx_word' id='word_1_472' title='bbox 1794 1313 1902 1372; x_wconf 89' lang='lat' dir='ltr'><strong>nihile</strong></span> 
     </span>
     <span class='ocr_line' id='line_1_64' title="bbox 1074 1402 1904 1480; baseline -0.007 -16"><span class='ocrx_word' id='word_1_473' title='bbox 1074 1408 1157 1464; x_wconf 90' lang='lat' dir='ltr'><strong>vobis</strong></span> <span class='ocrx_word' id='word_1_474' title='bbox 1170 1408 1318 1480; x_wconf 89' lang='lat' dir='ltr'><strong>prolatum</strong></span> <span class='ocrx_word' id='word_1_475' title='bbox 1329 1412 1439 1465; x_wconf 86' lang='lat' dir='ltr'><strong>temere</strong></span> <span class='ocrx_word' id='word_1_476' title='bbox 1450 1409 1577 1464; x_wconf 89' lang='lat' dir='ltr'><strong>credere.</strong></span> <span class='ocrx_word' id='word_1_477' title='bbox 1589 1409 1691 1474; x_wconf 72' lang='lat' dir='ltr'><strong>Quaero</strong></span> <span class='ocrx_word' id='word_1_478' title='bbox 1702 1422 1770 1478; x_wconf 84' lang='lat' dir='ltr'><strong>ergo</strong></span> <span class='ocrx_word' id='word_1_479' title='bbox 1781 1405 1848 1477; x_wconf 91' lang='lat' dir='ltr'><strong>quis</strong></span> <span class='ocrx_word' id='word_1_480' title='bbox 1863 1402 1904 1459; x_wconf 83' lang='lat' dir='ltr'><strong>sit</strong></span> 
     </span>
     <span class='ocr_line' id='line_1_65' title="bbox 1075 1491 1902 1569; baseline -0.002 -18"><span class='ocrx_word' id='word_1_481' title='bbox 1075 1495 1130 1552; x_wconf 90' lang='lat' dir='ltr'><strong>iste</strong></span> <span class='ocrx_word' id='word_1_482' title='bbox 1140 1497 1316 1553; x_wconf 80' lang='lat' dir='ltr'><strong>Manichaeus</strong></span> <span class='ocrx_word' id='word_1_483' title='bbox 1327 1497 1340 1552; x_wconf 78' lang='lat' dir='ltr'><strong>‘l</strong></span> <span class='ocrx_word' id='word_1_484' title='bbox 1352 1496 1575 1569; x_wconf 86' lang='lat' dir='ltr'><strong>Respondebitis</strong></span> <span class='ocrx_word' id='word_1_485' title='bbox 1590 1512 1596 1551; x_wconf 92' lang='lat'>:</span> <span class='ocrx_word' id='word_1_486' title='bbox 1609 1494 1768 1568; x_wconf 78' lang='lat' dir='ltr'><strong>Apostolus</strong></span> <span class='ocrx_word' id='word_1_487' title='bbox 1782 1491 1902 1551; x_wconf 85' lang='lat' dir='ltr'><strong>Christi.</strong></span> 
     </span>
     <span class='ocr_line' id='line_1_66' title="bbox 1075 1581 1902 1658; baseline -0.004 -17"><span class='ocrx_word' id='word_1_488' title='bbox 1075 1584 1139 1642; x_wconf 92' lang='lat' dir='ltr'><strong>Non</strong></span> <span class='ocrx_word' id='word_1_489' title='bbox 1151 1586 1253 1643; x_wconf 87' lang='lat' dir='ltr'><strong>credo:</strong></span> <span class='ocrx_word' id='word_1_490' title='bbox 1268 1585 1339 1658; x_wconf 90' lang='lat' dir='ltr'><strong>qnid</strong></span> <span class='ocrx_word' id='word_1_491' title='bbox 1349 1586 1413 1658; x_wconf 90' lang='lat' dir='ltr'><strong>jam</strong></span> <span class='ocrx_word' id='word_1_492' title='bbox 1422 1586 1502 1642; x_wconf 86' lang='lat' dir='ltr'><strong>dices</strong></span> <span class='ocrx_word' id='word_1_493' title='bbox 1513 1590 1564 1641; x_wconf 89' lang='lat' dir='ltr'><strong>ent</strong></span> <span class='ocrx_word' id='word_1_494' title='bbox 1575 1583 1675 1653; x_wconf 85' lang='lat' dir='ltr'><strong>iacies,</strong></span> <span class='ocrx_word' id='word_1_495' title='bbox 1687 1600 1746 1640; x_wconf 90' lang='lat' dir='ltr'><strong>non</strong></span> <span class='ocrx_word' id='word_1_496' title='bbox 1758 1581 1902 1650; x_wconf 85' lang='lat' dir='ltr'><strong>hebebis;</strong></span> 
     </span>
     <span class='ocr_line' id='line_1_67' title="bbox 1077 1670 1903 1745; baseline -0.001 -17"><span class='ocrx_word' id='word_1_497' title='bbox 1077 1674 1267 1745; x_wconf 87' lang='lat' dir='ltr'><strong>promittebas</strong></span> <span class='ocrx_word' id='word_1_498' title='bbox 1278 1674 1356 1730; x_wconf 91' lang='lat' dir='ltr'><strong>euim</strong></span> <span class='ocrx_word' id='word_1_499' title='bbox 1367 1674 1522 1730; x_wconf 87' lang='lat' dir='ltr'><strong>scientiam</strong></span> <span class='ocrx_word' id='word_1_500' title='bbox 1534 1673 1676 1740; x_wconf 83' lang='lat' dir='ltr'><strong>veritatis,</strong></span> <span class='ocrx_word' id='word_1_501' title='bbox 1688 1677 1716 1729; x_wconf 90' lang='lat' dir='ltr'><strong>et</strong></span> <span class='ocrx_word' id='word_1_502' title='bbox 1731 1689 1809 1728; x_wconf 92' lang='lat' dir='ltr'><strong>nunc</strong></span> <span class='ocrx_word' id='word_1_503' title='bbox 1822 1670 1903 1744; x_wconf 88' lang='lat' dir='ltr'><strong>qnod</strong></span> 
     </span>
     <span class='ocr_line' id='line_1_68' title="bbox 1077 1762 1905 1836; baseline 0 -19"><span class='ocrx_word' id='word_1_504' title='bbox 1077 1762 1175 1818; x_wconf 89' lang='lat' dir='ltr'><strong>nescio</strong></span> <span class='ocrx_word' id='word_1_505' title='bbox 1190 1762 1269 1836; x_wconf 84' lang='lat' dir='ltr'><strong>cogis</strong></span> <span class='ocrx_word' id='word_1_506' title='bbox 1285 1769 1317 1818; x_wconf 94' lang='lat' dir='ltr'><strong>ut</strong></span> <span class='ocrx_word' id='word_1_507' title='bbox 1331 1764 1459 1820; x_wconf 86' lang='lat' dir='ltr'><strong>credam.</strong></span> <span class='ocrx_word' id='word_1_508' title='bbox 1482 1762 1673 1836; x_wconf 81' lang='lat' dir='ltr'><strong>Evangelium</strong></span> <span class='ocrx_word' id='word_1_509' title='bbox 1690 1762 1762 1818; x_wconf 92' lang='lat' dir='ltr'><strong>mihi</strong></span> <span class='ocrx_word' id='word_1_510' title='bbox 1777 1763 1905 1817; x_wconf 84' lang='lat' dir='ltr'><strong>sortasse</strong></span> 
     </span>
     <span class='ocr_line' id='line_1_69' title="bbox 1078 1850 1904 1925; baseline 0.002 -20"><span class='ocrx_word' id='word_1_511' title='bbox 1078 1850 1207 1907; x_wconf 89' lang='lat' dir='ltr'><strong>lecturus</strong></span> <span class='ocrx_word' id='word_1_512' title='bbox 1218 1868 1260 1919; x_wconf 87' lang='lat' dir='ltr'><strong>es,</strong></span> <span class='ocrx_word' id='word_1_513' title='bbox 1271 1857 1300 1907; x_wconf 85' lang='lat' dir='ltr'><strong>st</strong></span> <span class='ocrx_word' id='word_1_514' title='bbox 1310 1852 1378 1909; x_wconf 90' lang='lat' dir='ltr'><strong>inde</strong></span> <span class='ocrx_word' id='word_1_515' title='bbox 1388 1852 1539 1909; x_wconf 78' lang='lat' dir='ltr'><strong>Manichaei</strong></span> <span class='ocrx_word' id='word_1_516' title='bbox 1549 1868 1704 1925; x_wconf 86' lang='lat' dir='ltr'><strong>personam</strong></span> <span class='ocrx_word' id='word_1_517' title='bbox 1714 1850 1843 1908; x_wconf 90' lang='lat' dir='ltr'><strong>tentabis</strong></span> <span class='ocrx_word' id='word_1_518' title='bbox 1852 1866 1904 1907; x_wconf 86' lang='lat' dir='ltr'><strong>es·</strong></span> 
     </span>
     <span class='ocr_line' id='line_1_70' title="bbox 1078 1938 1903 2014; baseline 0 -19"><span class='ocrx_word' id='word_1_519' title='bbox 1078 1939 1218 1996; x_wconf 75' lang='lat' dir='ltr'><strong>sereresi</strong></span> <span class='ocrx_word' id='word_1_520' title='bbox 1228 1941 1448 2013; x_wconf 81' lang='lat' dir='ltr'><strong>ergoinvenires</strong></span> <span class='ocrx_word' id='word_1_521' title='bbox 1457 1941 1595 2014; x_wconf 86' lang='lat' dir='ltr'><strong>aliquem,</strong></span> <span class='ocrx_word' id='word_1_522' title='bbox 1606 1941 1656 2012; x_wconf 89' lang='lat' dir='ltr'><strong>qui</strong></span> <span class='ocrx_word' id='word_1_523' title='bbox 1664 1938 1903 2011; x_wconf 77' lang='lat' dir='ltr'><strong>Evangelionon·</strong></span> 
     </span>
     <span class='ocr_line' id='line_1_71' title="bbox 1079 2024 1906 2100; baseline 0 -17"><span class='ocrx_word' id='word_1_524' title='bbox 1079 2027 1149 2083; x_wconf 91' lang='lat' dir='ltr'><strong>dnm</strong></span> <span class='ocrx_word' id='word_1_525' title='bbox 1174 2028 1275 2094; x_wconf 86' lang='lat' dir='ltr'><strong>credit,</strong></span> <span class='ocrx_word' id='word_1_526' title='bbox 1292 2028 1361 2100; x_wconf 92' lang='lat' dir='ltr'><strong>quid</strong></span> <span class='ocrx_word' id='word_1_527' title='bbox 1389 2030 1499 2086; x_wconf 88' lang='lat' dir='ltr'><strong>laceres</strong></span> <span class='ocrx_word' id='word_1_528' title='bbox 1515 2029 1622 2085; x_wconf 89' lang='lat' dir='ltr'><strong>dicenti</strong></span> <span class='ocrx_word' id='word_1_529' title='bbox 1636 2027 1701 2097; x_wconf 90' lang='lat' dir='ltr'><strong>tibi,</strong></span> <span class='ocrx_word' id='word_1_530' title='bbox 1717 2027 1780 2083; x_wconf 91' lang='lat' dir='ltr'><strong>Non</strong></span> <span class='ocrx_word' id='word_1_531' title='bbox 1794 2024 1906 2083; x_wconf 74' lang='lat' dir='ltr'><strong>credo?</strong></span> 
     </span>
     <span class='ocr_line' id='line_1_72' title="bbox 1079 2110 1943 2190; baseline -0.002 -18"><span class='ocrx_word' id='word_1_532' title='bbox 1079 2114 1138 2189; x_wconf 77' lang='lat' dir='ltr'><strong>Ego</strong></span> <span class='ocrx_word' id='word_1_533' title='bbox 1154 2132 1218 2173; x_wconf 86' lang='lat' dir='ltr'><strong>vcro</strong></span> <span class='ocrx_word' id='word_1_534' title='bbox 1233 2117 1388 2190; x_wconf 80' lang='lat' dir='ltr'><strong>Evangelio</strong></span> <span class='ocrx_word' id='word_1_535' title='bbox 1399 2134 1456 2174; x_wconf 90' lang='lat' dir='ltr'><strong>non</strong></span> <span class='ocrx_word' id='word_1_536' title='bbox 1471 2118 1630 2184; x_wconf 89' lang='lat' dir='ltr'><strong>crederem,</strong></span> <span class='ocrx_word' id='word_1_537' title='bbox 1645 2117 1702 2174; x_wconf 94' lang='lat' dir='ltr'><strong>nisi</strong></span> <span class='ocrx_word' id='word_1_538' title='bbox 1719 2132 1766 2173; x_wconf 88' lang='lat' dir='ltr'><strong>me</strong></span> <span class='ocrx_word' id='word_1_539' title='bbox 1781 2110 1943 2185; x_wconf 64' lang='lat' dir='ltr'><strong>catheti-«la</strong></span> 
     </span>
     <span class='ocr_line' id='line_1_73' title="bbox 1079 2204 1905 2277; baseline 0 -17"><span class='ocrx_word' id='word_1_540' title='bbox 1079 2221 1119 2260; x_wconf 77' lang='lat' dir='ltr'><strong>cas</strong></span> <span class='ocrx_word' id='word_1_541' title='bbox 1134 2204 1268 2263; x_wconf 74' lang='lat' dir='ltr'><strong>coeleste</strong></span> <span class='ocrx_word' id='word_1_542' title='bbox 1293 2212 1485 2264; x_wconf 87' lang='lat' dir='ltr'><strong>commoveret</strong></span> <span class='ocrx_word' id='word_1_543' title='bbox 1507 2206 1677 2263; x_wconf 86' lang='lat' dir='ltr'><strong>auotoritas.</strong></span> <span class='ocrx_word' id='word_1_544' title='bbox 1707 2204 1819 2271; x_wconf 83' lang='lat' dir='ltr'><strong>Quibus</strong></span> <span class='ocrx_word' id='word_1_545' title='bbox 1834 2218 1905 2277; x_wconf 74' lang='lat' dir='ltr'><strong>ergo</strong></span> 
     </span>
     <span class='ocr_line' id='line_1_74' title="bbox 1080 2292 1906 2368; baseline 0.001 -18"><span class='ocrx_word' id='word_1_546' title='bbox 1080 2294 1277 2367; x_wconf 87' lang='lat' dir='ltr'><strong>obtemperari</strong></span> <span class='ocrx_word' id='word_1_547' title='bbox 1293 2294 1471 2367; x_wconf 89' lang='lat' dir='ltr'><strong>dicentibus,</strong></span> <span class='ocrx_word' id='word_1_548' title='bbox 1488 2295 1577 2353; x_wconf 88' lang='lat' dir='ltr'><strong>Crede</strong></span> <span class='ocrx_word' id='word_1_549' title='bbox 1593 2294 1746 2368; x_wconf 78' lang='lat' dir='ltr'><strong>Evangelio</strong></span> <span class='ocrx_word' id='word_1_550' title='bbox 1764 2312 1771 2364; x_wconf 92' lang='lat'>;</span> <span class='ocrx_word' id='word_1_551' title='bbox 1794 2310 1848 2351; x_wconf 90' lang='lat' dir='ltr'><strong>cnr</strong></span> <span class='ocrx_word' id='word_1_552' title='bbox 1861 2292 1906 2351; x_wconf 76' lang='lat' dir='ltr'><strong>eia</strong></span> 
     </span>
     <span class='ocr_line' id='line_1_75' title="bbox 1082 2382 1907 2454; baseline 0.002 -16"><span class='ocrx_word' id='word_1_553' title='bbox 1082 2399 1138 2439; x_wconf 90' lang='lat' dir='ltr'><strong>nan</strong></span> <span class='ocrx_word' id='word_1_554' title='bbox 1150 2383 1346 2454; x_wconf 87' lang='lat' dir='ltr'><strong>obtemperem</strong></span> <span class='ocrx_word' id='word_1_555' title='bbox 1358 2385 1521 2441; x_wconf 87' lang='lat' dir='ltr'><strong>dicentibus</strong></span> <span class='ocrx_word' id='word_1_556' title='bbox 1533 2383 1615 2453; x_wconf 89' lang='lat' dir='ltr'><strong>mihi,</strong></span> <span class='ocrx_word' id='word_1_557' title='bbox 1633 2382 1696 2441; x_wconf 91' lang='lat' dir='ltr'><strong>Noli</strong></span> <span class='ocrx_word' id='word_1_558' title='bbox 1713 2384 1830 2440; x_wconf 86' lang='lat' dir='ltr'><strong>credere</strong></span> <span class='ocrx_word' id='word_1_559' title='bbox 1845 2383 1907 2440; x_wconf 85' lang='lat' dir='ltr'><strong>bla-</strong></span> 
     </span>
     <span class='ocr_line' id='line_1_76' title="bbox 1081 2468 1906 2546; baseline 0 -19"><span class='ocrx_word' id='word_1_560' title='bbox 1081 2470 1200 2529; x_wconf 81' lang='lat' dir='ltr'><strong>nicbaeis</strong></span> <span class='ocrx_word' id='word_1_561' title='bbox 1213 2472 1315 2545; x_wconf 75' lang='lat' dir='ltr'><strong>llillge</strong></span> <span class='ocrx_word' id='word_1_562' title='bbox 1326 2474 1397 2546; x_wconf 89' lang='lat' dir='ltr'><strong>qnid</strong></span> <span class='ocrx_word' id='word_1_563' title='bbox 1407 2473 1488 2530; x_wconf 86' lang='lat' dir='ltr'><strong>velis.</strong></span> <span class='ocrx_word' id='word_1_564' title='bbox 1500 2474 1528 2530; x_wconf 91' lang='lat' dir='ltr'><strong>Si</strong></span> <span class='ocrx_word' id='word_1_565' title='bbox 1542 2472 1662 2538; x_wconf 85' lang='lat' dir='ltr'><strong>dixeris,</strong></span> <span class='ocrx_word' id='word_1_566' title='bbox 1674 2472 1763 2528; x_wconf 88' lang='lat' dir='ltr'><strong>Crede</strong></span> <span class='ocrx_word' id='word_1_567' title='bbox 1774 2468 1906 2529; x_wconf 89' lang='lat' dir='ltr'><strong>Catholi-</strong></span> 
     </span>
     <span class='ocr_line' id='line_1_77' title="bbox 1081 2557 1905 2631; baseline 0.005 -18"><span class='ocrx_word' id='word_1_568' title='bbox 1081 2558 1124 2614; x_wconf 90' lang='lat' dir='ltr'><strong>cis</strong></span> <span class='ocrx_word' id='word_1_569' title='bbox 1136 2575 1143 2626; x_wconf 90' lang='lat'><strong>;</strong></span> <span class='ocrx_word' id='word_1_570' title='bbox 1155 2557 1211 2631; x_wconf 92' lang='lat' dir='ltr'><strong>ipsi</strong></span> <span class='ocrx_word' id='word_1_571' title='bbox 1224 2575 1270 2614; x_wconf 92' lang='lat' dir='ltr'><strong>me</strong></span> <span class='ocrx_word' id='word_1_572' title='bbox 1281 2565 1401 2616; x_wconf 90' lang='lat' dir='ltr'><strong>monent</strong></span> <span class='ocrx_word' id='word_1_573' title='bbox 1411 2565 1443 2615; x_wconf 95' lang='lat' dir='ltr'><strong>ut</strong></span> <span class='ocrx_word' id='word_1_574' title='bbox 1453 2560 1564 2616; x_wconf 92' lang='lat' dir='ltr'><strong>nullam</strong></span> <span class='ocrx_word' id='word_1_575' title='bbox 1581 2560 1668 2617; x_wconf 89' lang='lat' dir='ltr'><strong>lldem</strong></span> <span class='ocrx_word' id='word_1_576' title='bbox 1684 2559 1905 2617; x_wconf 85' lang='lat' dir='ltr'><strong>accommodem</strong></span> 
     </span>
     <span class='ocr_line' id='line_1_78' title="bbox 1081 2644 1907 2721; baseline 0.004 -19"><span class='ocrx_word' id='word_1_577' title='bbox 1081 2646 1162 2703; x_wconf 92' lang='lat' dir='ltr'><strong>vobis</strong></span> <span class='ocrx_word' id='word_1_578' title='bbox 1173 2664 1180 2702; x_wconf 76' lang='grc' dir='ltr'><strong><em>ε</em></strong></span> <span class='ocrx_word' id='word_1_579' title='bbox 1193 2654 1370 2721; x_wconf 88' lang='lat' dir='ltr'><strong>quapropter</strong></span> <span class='ocrx_word' id='word_1_580' title='bbox 1378 2666 1436 2705; x_wconf 89' lang='lat' dir='ltr'><strong>non</strong></span> <span class='ocrx_word' id='word_1_581' title='bbox 1446 2665 1566 2721; x_wconf 88' lang='lat' dir='ltr'><strong>possum</strong></span> <span class='ocrx_word' id='word_1_582' title='bbox 1575 2648 1634 2705; x_wconf 89' lang='lat' dir='ltr'><strong>illis</strong></span> <span class='ocrx_word' id='word_1_583' title='bbox 1643 2649 1773 2717; x_wconf 89' lang='lat' dir='ltr'><strong>credens,</strong></span> <span class='ocrx_word' id='word_1_584' title='bbox 1784 2648 1842 2705; x_wconf 92' lang='lat' dir='ltr'><strong>nisi</strong></span> <span class='ocrx_word' id='word_1_585' title='bbox 1851 2644 1907 2705; x_wconf 89' lang='lat' dir='ltr'><strong>tibi</strong></span> 
     </span>
     <span class='ocr_line' id='line_1_79' title="bbox 1082 2737 1906 2806; baseline 0.004 -15"><span class='ocrx_word' id='word_1_586' title='bbox 1082 2737 1278 2794; x_wconf 83' lang='lat' dir='ltr'><strong>concredere.</strong></span> <span class='ocrx_word' id='word_1_587' title='bbox 1290 2738 1317 2793; x_wconf 82' lang='lat' dir='ltr'><strong>Si</strong></span> <span class='ocrx_word' id='word_1_588' title='bbox 1329 2738 1447 2806; x_wconf 89' lang='lat' dir='ltr'><strong>dixeris,</strong></span> <span class='ocrx_word' id='word_1_589' title='bbox 1458 2738 1522 2795; x_wconf 91' lang='lat' dir='ltr'><strong>Noli</strong></span> <span class='ocrx_word' id='word_1_590' title='bbox 1531 2738 1688 2795; x_wconf 81' lang='lat' dir='ltr'><strong>Catholicis</strong></span> <span class='ocrx_word' id='word_1_591' title='bbox 1699 2738 1831 2806; x_wconf 88' lang='lat' dir='ltr'><strong>credere;</strong></span> <span class='ocrx_word' id='word_1_592' title='bbox 1844 2752 1906 2794; x_wconf 91' lang='lat' dir='ltr'><strong>non</strong></span> 
     </span>
     <span class='ocr_line' id='line_1_80' title="bbox 1082 2823 1907 2900; baseline 0.001 -19"><span class='ocrx_word' id='word_1_593' title='bbox 1082 2830 1158 2882; x_wconf 86' lang='lat' dir='ltr'><strong>recte</strong></span> <span class='ocrx_word' id='word_1_594' title='bbox 1169 2826 1257 2882; x_wconf 88' lang='lat' dir='ltr'><strong>iacies</strong></span> <span class='ocrx_word' id='word_1_595' title='bbox 1268 2843 1318 2898; x_wconf 93' lang='lat' dir='ltr'><strong>per</strong></span> <span class='ocrx_word' id='word_1_596' title='bbox 1329 2827 1515 2900; x_wconf 81' lang='lat' dir='ltr'><strong>Evangelium</strong></span> <span class='ocrx_word' id='word_1_597' title='bbox 1529 2843 1576 2884; x_wconf 86' lang='lat' dir='ltr'><strong>me</strong></span> <span class='ocrx_word' id='word_1_598' title='bbox 1591 2844 1693 2899; x_wconf 80' lang='lat' dir='ltr'><strong>cogere</strong></span> <span class='ocrx_word' id='word_1_599' title='bbox 1704 2828 1740 2882; x_wconf 91' lang='lat' dir='ltr'><strong>ad</strong></span> <span class='ocrx_word' id='word_1_600' title='bbox 1752 2823 1907 2883; x_wconf 79' lang='lat' dir='ltr'><strong>Manichaei</strong></span> 
     </span>
     <span class='ocr_line' id='line_1_81' title="bbox 1082 2915 1904 2989; baseline 0.005 -20"><span class='ocrx_word' id='word_1_601' title='bbox 1082 2915 1181 2985; x_wconf 86' lang='lat' dir='ltr'><strong>fidem,</strong></span> <span class='ocrx_word' id='word_1_602' title='bbox 1191 2916 1261 2987; x_wconf 88' lang='lat' dir='ltr'><strong>quie</strong></span> <span class='ocrx_word' id='word_1_603' title='bbox 1271 2916 1328 2988; x_wconf 90' lang='lat' dir='ltr'><strong>ipsi</strong></span> <span class='ocrx_word' id='word_1_604' title='bbox 1340 2915 1491 2989; x_wconf 76' lang='lat' dir='ltr'><strong>Evangelio</strong></span> <span class='ocrx_word' id='word_1_605' title='bbox 1502 2916 1660 2974; x_wconf 87' lang='lat' dir='ltr'><strong>Catholicis</strong></span> <span class='ocrx_word' id='word_1_606' title='bbox 1675 2916 1904 2989; x_wconf 73' lang='lat' dir='ltr'><strong>predicantibus</strong></span> 
     </span>
     <span class='ocr_line' id='line_1_82' title="bbox 1083 3002 1906 3074; baseline 0.004 -16"><span class='ocrx_word' id='word_1_607' title='bbox 1083 3003 1241 3060; x_wconf 87' lang='lat' dir='ltr'><strong>credidi.Si</strong></span> <span class='ocrx_word' id='word_1_608' title='bbox 1254 3010 1351 3061; x_wconf 89' lang='lat' dir='ltr'><strong>eutem</strong></span> <span class='ocrx_word' id='word_1_609' title='bbox 1362 3006 1481 3074; x_wconf 85' lang='lat' dir='ltr'><strong>dixeris,</strong></span> <span class='ocrx_word' id='word_1_610' title='bbox 1489 3006 1575 3063; x_wconf 83' lang='lat' dir='ltr'><strong>lteoto</strong></span> <span class='ocrx_word' id='word_1_611' title='bbox 1586 3006 1734 3063; x_wconf 90' lang='lat' dir='ltr'><strong>credidisti</strong></span> <span class='ocrx_word' id='word_1_612' title='bbox 1745 3002 1906 3061; x_wconf 75' lang='lat' dir='ltr'><strong>Catholicis</strong></span> 
     </span>
     <span class='ocr_line' id='line_1_83' title="bbox 1082 3091 1906 3168; baseline 0.002 -21"><span class='ocrx_word' id='word_1_613' title='bbox 1082 3091 1273 3150; x_wconf 88' lang='lat' dir='ltr'><strong>laudantibus</strong></span> <span class='ocrx_word' id='word_1_614' title='bbox 1288 3095 1498 3168; x_wconf 74' lang='lat' dir='ltr'><strong>Evangelium3</strong></span> <span class='ocrx_word' id='word_1_615' title='bbox 1514 3096 1564 3152; x_wconf 91' lang='lat' dir='ltr'><strong>sed</strong></span> <span class='ocrx_word' id='word_1_616' title='bbox 1580 3112 1639 3152; x_wconf 92' lang='lat' dir='ltr'><strong>non</strong></span> <span class='ocrx_word' id='word_1_617' title='bbox 1655 3093 1799 3152; x_wconf 92' lang='lat' dir='ltr'><strong>recteillis</strong></span> <span class='ocrx_word' id='word_1_618' title='bbox 1810 3092 1906 3151; x_wconf 89' lang='lat' dir='ltr'><strong>cradi·</strong></span> 
     </span>
     <span class='ocr_line' id='line_1_84' title="bbox 1082 3180 1910 3257; baseline 0.006 -21"><span class='ocrx_word' id='word_1_619' title='bbox 1082 3180 1151 3237; x_wconf 91' lang='lat' dir='ltr'><strong>disti</strong></span> <span class='ocrx_word' id='word_1_620' title='bbox 1166 3182 1398 3254; x_wconf 79' lang='lat' dir='ltr'><strong>vituperantibus</strong></span> <span class='ocrx_word' id='word_1_621' title='bbox 1426 3184 1638 3241; x_wconf 82' lang='lat' dir='ltr'><strong>Manicheum:</strong></span> <span class='ocrx_word' id='word_1_622' title='bbox 1659 3199 1753 3257; x_wconf 88' lang='lat' dir='ltr'><strong>usqne</strong></span> <span class='ocrx_word' id='word_1_623' title='bbox 1770 3184 1842 3240; x_wconf 88' lang='lat' dir='ltr'><strong>adeo</strong></span> <span class='ocrx_word' id='word_1_624' title='bbox 1858 3196 1910 3241; x_wconf 87' lang='lat' dir='ltr'><strong>mc</strong></span> 
     </span>
     <span class='ocr_line' id='line_1_85' title="bbox 1083 3268 1914 3344; baseline 0.006 -20"><span class='ocrx_word' id='word_1_625' title='bbox 1083 3268 1207 3326; x_wconf 91' lang='lat' dir='ltr'><strong>stultum</strong></span> <span class='ocrx_word' id='word_1_626' title='bbox 1219 3277 1315 3343; x_wconf 91' lang='lat' dir='ltr'><strong>putas,</strong></span> <span class='ocrx_word' id='word_1_627' title='bbox 1327 3271 1452 3328; x_wconf 89' lang='lat' dir='ltr'><strong>utnulla</strong></span> <span class='ocrx_word' id='word_1_628' title='bbox 1465 3272 1577 3330; x_wconf 90' lang='lat' dir='ltr'><strong>reddita</strong></span> <span class='ocrx_word' id='word_1_629' title='bbox 1589 3274 1700 3329; x_wconf 91' lang='lat' dir='ltr'><strong>ratione</strong></span> <span class='ocrx_word' id='word_1_630' title='bbox 1708 3273 1785 3344; x_wconf 90' lang='lat' dir='ltr'><strong>quod</strong></span> <span class='ocrx_word' id='word_1_631' title='bbox 1794 3272 1914 3329; x_wconf 84' lang='lat' dir='ltr'><strong>visere·</strong></span> 
     </span>
     <span class='ocr_line' id='line_1_86' title="bbox 1083 3358 1909 3434; baseline 0.007 -21"><span class='ocrx_word' id='word_1_632' title='bbox 1083 3358 1163 3428; x_wconf 88' lang='lat' dir='ltr'><strong>dem,</strong></span> <span class='ocrx_word' id='word_1_633' title='bbox 1174 3360 1250 3432; x_wconf 90' lang='lat' dir='ltr'><strong>quod</strong></span> <span class='ocrx_word' id='word_1_634' title='bbox 1261 3377 1318 3416; x_wconf 91' lang='lat' dir='ltr'><strong>non</strong></span> <span class='ocrx_word' id='word_1_635' title='bbox 1330 3360 1374 3417; x_wconf 84' lang='lat' dir='ltr'><strong>vis</strong></span> <span class='ocrx_word' id='word_1_636' title='bbox 1386 3377 1444 3416; x_wconf 93' lang='lat' dir='ltr'><strong>non</strong></span> <span class='ocrx_word' id='word_1_637' title='bbox 1455 3362 1572 3417; x_wconf 88' lang='lat' dir='ltr'><strong>credam</strong></span> <span class='ocrx_word' id='word_1_638' title='bbox 1583 3361 1596 3416; x_wconf 81' lang='lat' dir='ltr'><strong>‘l</strong></span> <span class='ocrx_word' id='word_1_639' title='bbox 1606 3359 1698 3418; x_wconf 86' lang='lat' dir='ltr'><strong>Multo</strong></span> <span class='ocrx_word' id='word_1_640' title='bbox 1707 3360 1909 3434; x_wconf 74' lang='lat' dir='ltr'><strong>enimjustiuc</strong></span> 
     </span>
     <span class='ocr_line' id='line_1_87' title="bbox 1083 3448 1909 3523; baseline 0.008 -21"><span class='ocrx_word' id='word_1_641' title='bbox 1083 3454 1169 3518; x_wconf 89' lang='lat' dir='ltr'><strong>atquc</strong></span> <span class='ocrx_word' id='word_1_642' title='bbox 1183 3449 1299 3505; x_wconf 87' lang='lat' dir='ltr'><strong>cautius</strong></span> <span class='ocrx_word' id='word_1_643' title='bbox 1312 3450 1398 3517; x_wconf 82' lang='lat' dir='ltr'><strong>secie,</strong></span> <span class='ocrx_word' id='word_1_644' title='bbox 1427 3449 1452 3505; x_wconf 93' lang='lat' dir='ltr'><strong>si</strong></span> <span class='ocrx_word' id='word_1_645' title='bbox 1472 3449 1630 3507; x_wconf 89' lang='lat' dir='ltr'><strong>Catholicis</strong></span> <span class='ocrx_word' id='word_1_646' title='bbox 1656 3450 1797 3523; x_wconf 88' lang='lat' dir='ltr'><strong>quoniam</strong></span> <span class='ocrx_word' id='word_1_647' title='bbox 1814 3448 1909 3509; x_wconf 84' lang='lat' dir='ltr'><strong>semel</strong></span> 
     </span>
     <span class='ocr_line' id='line_1_88' title="bbox 1083 3536 1909 3611; baseline 0.007 -20"><span class='ocrx_word' id='word_1_648' title='bbox 1083 3536 1203 3604; x_wconf 89' lang='lat' dir='ltr'><strong>credidi,</strong></span> <span class='ocrx_word' id='word_1_649' title='bbox 1215 3538 1251 3593; x_wconf 91' lang='lat' dir='ltr'><strong>ed</strong></span> <span class='ocrx_word' id='word_1_650' title='bbox 1262 3542 1290 3594; x_wconf 89' lang='lat' dir='ltr'><strong>te</strong></span> <span class='ocrx_word' id='word_1_651' title='bbox 1300 3555 1358 3594; x_wconf 90' lang='lat' dir='ltr'><strong>non</strong></span> <span class='ocrx_word' id='word_1_652' title='bbox 1369 3543 1498 3610; x_wconf 90' lang='lat' dir='ltr'><strong>transeo,</strong></span> <span class='ocrx_word' id='word_1_653' title='bbox 1510 3539 1568 3596; x_wconf 87' lang='lat' dir='ltr'><strong>nisi</strong></span> <span class='ocrx_word' id='word_1_654' title='bbox 1580 3555 1626 3596; x_wconf 91' lang='lat' dir='ltr'><strong>me</strong></span> <span class='ocrx_word' id='word_1_655' title='bbox 1637 3556 1695 3595; x_wconf 90' lang='lat' dir='ltr'><strong>non</strong></span> <span class='ocrx_word' id='word_1_656' title='bbox 1710 3540 1828 3595; x_wconf 88' lang='lat' dir='ltr'><strong>credere</strong></span> <span class='ocrx_word' id='word_1_657' title='bbox 1839 3539 1909 3611; x_wconf 78' lang='lat' dir='ltr'><strong>jus·</strong></span> 
     </span>
     <span class='ocr_line' id='line_1_89' title="bbox 1083 3625 1908 3702; baseline 0.006 -20"><span class='ocrx_word' id='word_1_658' title='bbox 1083 3625 1908 3702; x_wconf 79' lang='lat' dir='ltr'><strong>seris,sedmanifestissimeconpertissimescirealiquid</strong></span> 
     </span>
     <span class='ocr_line' id='line_1_90' title="bbox 1082 3712 1943 3785; baseline 0.006 -15"><span class='ocrx_word' id='word_1_659' title='bbox 1082 3714 1194 3773; x_wconf 84' lang='lat' dir='ltr'><strong>leceris.</strong></span> <span class='ocrx_word' id='word_1_660' title='bbox 1206 3715 1345 3783; x_wconf 87' lang='lat' dir='ltr'><strong>Quocirca</strong></span> <span class='ocrx_word' id='word_1_661' title='bbox 1355 3717 1381 3774; x_wconf 94' lang='lat' dir='ltr'><strong>si</strong></span> <span class='ocrx_word' id='word_1_662' title='bbox 1393 3717 1465 3773; x_wconf 93' lang='lat' dir='ltr'><strong>mihi</strong></span> <span class='ocrx_word' id='word_1_663' title='bbox 1477 3718 1620 3775; x_wconf 90' lang='lat' dir='ltr'><strong>rationem</strong></span> <span class='ocrx_word' id='word_1_664' title='bbox 1631 3717 1851 3785; x_wconf 88' lang='lat' dir='ltr'><strong>reddituruses‚</strong></span> <span class='ocrx_word' id='word_1_665' title='bbox 1862 3716 1911 3775; x_wconf 88' lang='lat' dir='ltr'><strong>di·</strong></span> <span class='ocrx_word' id='word_1_666' title='bbox 1939 3712 1943 3719; x_wconf 82' lang='lat'>&#39;</span> 
     </span>
     <span class='ocr_line' id='line_1_91' title="bbox 1083 3805 1911 3881; baseline 0.004 -21"><span class='ocrx_word' id='word_1_667' title='bbox 1083 3805 1166 3861; x_wconf 89' lang='lat' dir='ltr'><strong>mitte</strong></span> <span class='ocrx_word' id='word_1_668' title='bbox 1181 3805 1380 3878; x_wconf 82' lang='lat' dir='ltr'><strong>Evangelium.</strong></span> <span class='ocrx_word' id='word_1_669' title='bbox 1398 3806 1427 3862; x_wconf 90' lang='lat' dir='ltr'><strong>Si</strong></span> <span class='ocrx_word' id='word_1_670' title='bbox 1444 3807 1479 3863; x_wconf 92' lang='lat' dir='ltr'><strong>ad</strong></span> <span class='ocrx_word' id='word_1_671' title='bbox 1496 3806 1687 3879; x_wconf 79' lang='lat' dir='ltr'><strong>Evangelium</strong></span> <span class='ocrx_word' id='word_1_672' title='bbox 1703 3811 1731 3863; x_wconf 91' lang='lat' dir='ltr'><strong>te</strong></span> <span class='ocrx_word' id='word_1_673' title='bbox 1747 3812 1840 3877; x_wconf 89' lang='lat' dir='ltr'><strong>tenes,</strong></span> <span class='ocrx_word' id='word_1_674' title='bbox 1856 3822 1911 3881; x_wconf 76' lang='lat' dir='ltr'><strong>ego</strong></span> 
     </span>
     <span class='ocr_line' id='line_1_92' title="bbox 1082 3894 1916 3969; baseline 0.004 -19"><span class='ocrx_word' id='word_1_675' title='bbox 1082 3911 1128 3950; x_wconf 91' lang='lat' dir='ltr'><strong>me</strong></span> <span class='ocrx_word' id='word_1_676' title='bbox 1139 3895 1174 3950; x_wconf 89' lang='lat' dir='ltr'><strong>ad</strong></span> <span class='ocrx_word' id='word_1_677' title='bbox 1185 3911 1234 3951; x_wconf 91' lang='lat' dir='ltr'><strong>eos</strong></span> <span class='ocrx_word' id='word_1_678' title='bbox 1244 3902 1370 3962; x_wconf 89' lang='lat' dir='ltr'><strong>teneam,</strong></span> <span class='ocrx_word' id='word_1_679' title='bbox 1382 3894 1490 3968; x_wconf 89' lang='lat' dir='ltr'><strong>quibus</strong></span> <span class='ocrx_word' id='word_1_680' title='bbox 1502 3895 1738 3969; x_wconf 78' lang='lat' dir='ltr'><strong>praecipientibus</strong></span> <span class='ocrx_word' id='word_1_681' title='bbox 1749 3894 1916 3969; x_wconf 82' lang='lat' dir='ltr'><strong>llvengelic&#39;</strong></span> 
     </span>
     <span class='ocr_line' id='line_1_93' title="bbox 1081 3982 1906 4056; baseline 0.007 -18"><span class='ocrx_word' id='word_1_682' title='bbox 1081 3982 1191 4039; x_wconf 82' lang='lat' dir='ltr'><strong>credidi</strong></span> <span class='ocrx_word' id='word_1_683' title='bbox 1203 4009 1210 4051; x_wconf 88' lang='lat'>;</span> <span class='ocrx_word' id='word_1_684' title='bbox 1226 3989 1255 4039; x_wconf 91' lang='lat' dir='ltr'><strong>et</strong></span> <span class='ocrx_word' id='word_1_685' title='bbox 1269 3984 1315 4040; x_wconf 90' lang='lat' dir='ltr'><strong>his</strong></span> <span class='ocrx_word' id='word_1_686' title='bbox 1321 3984 1496 4056; x_wconf 90' lang='lat' dir='ltr'><strong>jubentibus</strong></span> <span class='ocrx_word' id='word_1_687' title='bbox 1506 3984 1559 4042; x_wconf 90' lang='lat' dir='ltr'><strong>tibi</strong></span> <span class='ocrx_word' id='word_1_688' title='bbox 1573 3985 1692 4042; x_wconf 89' lang='lat' dir='ltr'><strong>omnino</strong></span> <span class='ocrx_word' id='word_1_689' title='bbox 1704 4001 1761 4041; x_wconf 90' lang='lat' dir='ltr'><strong>non</strong></span> <span class='ocrx_word' id='word_1_690' title='bbox 1773 3986 1906 4044; x_wconf 88' lang='lat' dir='ltr'><strong>credam.</strong></span> 
     </span>
     <span class='ocr_line' id='line_1_94' title="bbox 1081 4071 1910 4147; baseline 0.006 -20"><span class='ocrx_word' id='word_1_691' title='bbox 1081 4071 1161 4136; x_wconf 84' lang='lat' dir='ltr'><strong>Quod</strong></span> <span class='ocrx_word' id='word_1_692' title='bbox 1178 4072 1202 4128; x_wconf 91' lang='lat' dir='ltr'><strong>si</strong></span> <span class='ocrx_word' id='word_1_693' title='bbox 1216 4073 1288 4129; x_wconf 85' lang='lat' dir='ltr'><strong>sorte</strong></span> <span class='ocrx_word' id='word_1_694' title='bbox 1299 4073 1327 4127; x_wconf 92' lang='lat' dir='ltr'><strong>in</strong></span> <span class='ocrx_word' id='word_1_695' title='bbox 1340 4073 1495 4146; x_wconf 82' lang='lat' dir='ltr'><strong>Evangelio</strong></span> <span class='ocrx_word' id='word_1_696' title='bbox 1509 4073 1620 4147; x_wconf 88' lang='lat' dir='ltr'><strong>aliquid</strong></span> <span class='ocrx_word' id='word_1_697' title='bbox 1633 4074 1856 4147; x_wconf 88' lang='lat' dir='ltr'><strong>apertissimum</strong></span> <span class='ocrx_word' id='word_1_698' title='bbox 1872 4074 1910 4132; x_wconf 87' lang='lat' dir='ltr'><strong>dc</strong></span> 
     </span>
     <span class='ocr_line' id='line_1_95' title="bbox 1081 4161 1934 4236; baseline 0.011 -20"><span class='ocrx_word' id='word_1_699' title='bbox 1081 4161 1232 4217; x_wconf 74' lang='lat' dir='ltr'><strong>Manichaei</strong></span> <span class='ocrx_word' id='word_1_700' title='bbox 1255 4161 1420 4235; x_wconf 83' lang='lat' dir='ltr'><strong>apostolatu</strong></span> <span class='ocrx_word' id='word_1_701' title='bbox 1440 4162 1570 4221; x_wconf 89' lang='lat' dir='ltr'><strong>invenire</strong></span> <span class='ocrx_word' id='word_1_702' title='bbox 1585 4164 1725 4236; x_wconf 85' lang='lat' dir='ltr'><strong>potueris,</strong></span> <span class='ocrx_word' id='word_1_703' title='bbox 1739 4162 1908 4223; x_wconf 76' lang='lat' dir='ltr'><strong>intlrmabic</strong></span> <span class='ocrx_word' id='word_1_704' title='bbox 1931 4220 1934 4225; x_wconf 92' lang='lat'>.</span> 
     </span>
     <span class='ocr_line' id='line_1_96' title="bbox 1081 4250 1909 4326; baseline 0.005 -21"><span class='ocrx_word' id='word_1_705' title='bbox 1081 4250 1152 4305; x_wconf 93' lang='lat' dir='ltr'><strong>mihi</strong></span> <span class='ocrx_word' id='word_1_706' title='bbox 1163 4250 1378 4307; x_wconf 82' lang='lat' dir='ltr'><strong>catholicorum</strong></span> <span class='ocrx_word' id='word_1_707' title='bbox 1390 4253 1606 4323; x_wconf 88' lang='lat' dir='ltr'><strong>auctoritatem,</strong></span> <span class='ocrx_word' id='word_1_708' title='bbox 1623 4254 1673 4324; x_wconf 89' lang='lat' dir='ltr'><strong>qui</strong></span> <span class='ocrx_word' id='word_1_709' title='bbox 1685 4253 1792 4326; x_wconf 89' lang='lat' dir='ltr'><strong>jubent</strong></span> <span class='ocrx_word' id='word_1_710' title='bbox 1806 4257 1840 4309; x_wconf 92' lang='lat' dir='ltr'><strong>nt</strong></span> <span class='ocrx_word' id='word_1_711' title='bbox 1851 4250 1909 4311; x_wconf 91' lang='lat' dir='ltr'><strong>tibi</strong></span> 
     </span>
     <span class='ocr_line' id='line_1_97' title="bbox 1079 4340 1907 4413; baseline 0.006 -19"><span class='ocrx_word' id='word_1_712' title='bbox 1079 4356 1138 4395; x_wconf 92' lang='lat' dir='ltr'><strong>non</strong></span> <span class='ocrx_word' id='word_1_713' title='bbox 1147 4340 1263 4396; x_wconf 86' lang='lat' dir='ltr'><strong>credam</strong></span> <span class='ocrx_word' id='word_1_714' title='bbox 1276 4357 1283 4397; x_wconf 94' lang='lat'>:</span> <span class='ocrx_word' id='word_1_715' title='bbox 1296 4356 1355 4412; x_wconf 90' lang='lat' dir='ltr'><strong>qne</strong></span> <span class='ocrx_word' id='word_1_716' title='bbox 1364 4340 1524 4407; x_wconf 85' lang='lat' dir='ltr'><strong>infirmate,</strong></span> <span class='ocrx_word' id='word_1_717' title='bbox 1532 4342 1595 4412; x_wconf 88' lang='lat' dir='ltr'><strong>jem</strong></span> <span class='ocrx_word' id='word_1_718' title='bbox 1607 4357 1659 4398; x_wconf 88' lang='lat' dir='ltr'><strong>nec</strong></span> <span class='ocrx_word' id='word_1_719' title='bbox 1674 4340 1830 4413; x_wconf 79' lang='lat' dir='ltr'><strong>Evangelio</strong></span> <span class='ocrx_word' id='word_1_720' title='bbox 1842 4356 1907 4399; x_wconf 84' lang='lat' dir='ltr'><strong>crc-</strong></span> 
     </span>
     <span class='ocr_line' id='line_1_98' title="bbox 1079 4426 1910 4501; baseline 0.005 -18"><span class='ocrx_word' id='word_1_721' title='bbox 1079 4428 1147 4483; x_wconf 88' lang='lat' dir='ltr'><strong>dsre</strong></span> <span class='ocrx_word' id='word_1_722' title='bbox 1162 4433 1272 4501; x_wconf 88' lang='lat' dir='ltr'><strong>potero,</strong></span> <span class='ocrx_word' id='word_1_723' title='bbox 1288 4428 1358 4501; x_wconf 90' lang='lat' dir='ltr'><strong>qnia</strong></span> <span class='ocrx_word' id='word_1_724' title='bbox 1373 4446 1424 4501; x_wconf 89' lang='lat' dir='ltr'><strong>par</strong></span> <span class='ocrx_word' id='word_1_725' title='bbox 1437 4446 1487 4486; x_wconf 93' lang='lat' dir='ltr'><strong>eos</strong></span> <span class='ocrx_word' id='word_1_726' title='bbox 1500 4428 1543 4485; x_wconf 92' lang='lat' dir='ltr'><strong>illi</strong></span> <span class='ocrx_word' id='word_1_727' title='bbox 1558 4430 1737 4486; x_wconf 90' lang='lat' dir='ltr'><strong>credideram</strong></span> <span class='ocrx_word' id='word_1_728' title='bbox 1750 4446 1758 4498; x_wconf 75' lang='lat'>3</span> <span class='ocrx_word' id='word_1_729' title='bbox 1774 4430 1815 4485; x_wconf 93' lang='lat' dir='ltr'><strong>ita</strong></span> <span class='ocrx_word' id='word_1_730' title='bbox 1830 4426 1910 4487; x_wconf 88' lang='lat' dir='ltr'><strong>nihil</strong></span> 
     </span>
     <span class='ocr_line' id='line_1_99' title="bbox 1078 4517 1909 4593; baseline 0.004 -21"><span class='ocrx_word' id='word_1_731' title='bbox 1078 4517 1156 4591; x_wconf 90' lang='lat' dir='ltr'><strong>epud</strong></span> <span class='ocrx_word' id='word_1_732' title='bbox 1170 4533 1216 4574; x_wconf 93' lang='lat' dir='ltr'><strong>me</strong></span> <span class='ocrx_word' id='word_1_733' title='bbox 1228 4517 1343 4586; x_wconf 86' lang='lat' dir='ltr'><strong>valebit,</strong></span> <span class='ocrx_word' id='word_1_734' title='bbox 1354 4518 1497 4591; x_wconf 90' lang='lat' dir='ltr'><strong>quidquid</strong></span> <span class='ocrx_word' id='word_1_735' title='bbox 1514 4519 1581 4575; x_wconf 87' lang='lat' dir='ltr'><strong>inde</strong></span> <span class='ocrx_word' id='word_1_736' title='bbox 1592 4517 1759 4593; x_wconf 88' lang='lat' dir='ltr'><strong>protuleris.</strong></span> <span class='ocrx_word' id='word_1_737' title='bbox 1774 4517 1909 4590; x_wconf 84' lang='lat' dir='ltr'><strong>Quapro-</strong></span> 
     </span>
     <span class='ocr_line' id='line_1_100' title="bbox 1078 4604 1908 4680; baseline 0.001 -18"><span class='ocrx_word' id='word_1_738' title='bbox 1078 4612 1142 4678; x_wconf 89' lang='lat' dir='ltr'><strong>pter</strong></span> <span class='ocrx_word' id='word_1_739' title='bbox 1156 4607 1181 4664; x_wconf 92' lang='lat' dir='ltr'><strong>si</strong></span> <span class='ocrx_word' id='word_1_740' title='bbox 1197 4606 1269 4662; x_wconf 94' lang='lat' dir='ltr'><strong>nihil</strong></span> <span class='ocrx_word' id='word_1_741' title='bbox 1288 4608 1477 4665; x_wconf 79' lang='lat' dir='ltr'><strong>manifestum</strong></span> <span class='ocrx_word' id='word_1_742' title='bbox 1489 4608 1525 4664; x_wconf 86' lang='lat' dir='ltr'><strong>dc</strong></span> <span class='ocrx_word' id='word_1_743' title='bbox 1536 4607 1688 4665; x_wconf 82' lang='lat' dir='ltr'><strong>binniebat</strong></span> <span class='ocrx_word' id='word_1_744' title='bbox 1699 4605 1865 4680; x_wconf 86' lang='lat' dir='ltr'><strong>apostolatu</strong></span> <span class='ocrx_word' id='word_1_745' title='bbox 1875 4604 1908 4663; x_wconf 88' lang='lat' dir='ltr'><strong>in</strong></span> 
     </span>
     <span class='ocr_line' id='line_1_101' title="bbox 1077 4694 1908 4769; baseline 0 -17"><span class='ocrx_word' id='word_1_746' title='bbox 1077 4694 1231 4768; x_wconf 77' lang='lat' dir='ltr'><strong>Evangelio</strong></span> <span class='ocrx_word' id='word_1_747' title='bbox 1243 4696 1397 4769; x_wconf 88' lang='lat' dir='ltr'><strong>reperitur,</strong></span> <span class='ocrx_word' id='word_1_748' title='bbox 1411 4695 1567 4753; x_wconf 90' lang='lat' dir='ltr'><strong>Catholicis</strong></span> <span class='ocrx_word' id='word_1_749' title='bbox 1577 4696 1676 4769; x_wconf 85' lang='lat' dir='ltr'><strong>potius</strong></span> <span class='ocrx_word' id='word_1_750' title='bbox 1688 4697 1806 4753; x_wconf 91' lang='lat' dir='ltr'><strong>credem</strong></span> <span class='ocrx_word' id='word_1_751' title='bbox 1816 4709 1908 4767; x_wconf 87' lang='lat' dir='ltr'><strong>quem</strong></span> 
     </span>
     <span class='ocr_line' id='line_1_102' title="bbox 1076 4783 1908 4858; baseline 0.002 -17"><span class='ocrx_word' id='word_1_752' title='bbox 1076 4784 1731 4858; x_wconf 88' lang='lat' dir='ltr'><strong>tibi.Sientamaliqnldindemenllestnmpro</strong></span> <span class='ocrx_word' id='word_1_753' title='bbox 1742 4783 1908 4843; x_wconf 74' lang='lat' dir='ltr'><strong>Manichaec</strong></span> 
     </span>
     <span class='ocr_line' id='line_1_103' title="bbox 1077 4870 1909 4948; baseline 0.004 -20"><span class='ocrx_word' id='word_1_754' title='bbox 1077 4872 1192 4948; x_wconf 81' lang='lat' dir='ltr'><strong>legeris,</strong></span> <span class='ocrx_word' id='word_1_755' title='bbox 1209 4890 1261 4930; x_wconf 90' lang='lat' dir='ltr'><strong>neo</strong></span> <span class='ocrx_word' id='word_1_756' title='bbox 1289 4872 1358 4930; x_wconf 91' lang='lat' dir='ltr'><strong>illis.</strong></span> <span class='ocrx_word' id='word_1_757' title='bbox 1389 4892 1442 4932; x_wconf 90' lang='lat' dir='ltr'><strong>nec</strong></span> <span class='ocrx_word' id='word_1_758' title='bbox 1470 4874 1543 4931; x_wconf 90' lang='lat' dir='ltr'><strong>tibi:</strong></span> <span class='ocrx_word' id='word_1_759' title='bbox 1564 4874 1633 4941; x_wconf 90' lang='lat' dir='ltr'><strong>illis,</strong></span> <span class='ocrx_word' id='word_1_760' title='bbox 1649 4875 1720 4946; x_wconf 90' lang='lat' dir='ltr'><strong>quie</strong></span> <span class='ocrx_word' id='word_1_761' title='bbox 1735 4874 1771 4930; x_wconf 88' lang='lat' dir='ltr'><strong>de</strong></span> <span class='ocrx_word' id='word_1_762' title='bbox 1785 4877 1815 4929; x_wconf 90' lang='lat' dir='ltr'><strong>te</strong></span> <span class='ocrx_word' id='word_1_763' title='bbox 1829 4870 1909 4931; x_wconf 91' lang='lat' dir='ltr'><strong>mihl</strong></span> 
     </span>
     <span class='ocr_line' id='line_1_104' title="bbox 1077 4958 1910 5037; baseline 0 -18"><span class='ocrx_word' id='word_1_764' title='bbox 1077 4964 1191 5019; x_wconf 91' lang='lat' dir='ltr'><strong>mentiti</strong></span> <span class='ocrx_word' id='word_1_765' title='bbox 1207 4967 1277 5018; x_wconf 91' lang='lat' dir='ltr'><strong>sunt</strong></span> <span class='ocrx_word' id='word_1_766' title='bbox 1289 4980 1296 5033; x_wconf 87' lang='lat'><strong>;</strong></span> <span class='ocrx_word' id='word_1_767' title='bbox 1308 4962 1362 5019; x_wconf 92' lang='lat' dir='ltr'><strong>tibi</strong></span> <span class='ocrx_word' id='word_1_768' title='bbox 1373 4968 1482 5035; x_wconf 91' lang='lat' dir='ltr'><strong>eutem,</strong></span> <span class='ocrx_word' id='word_1_769' title='bbox 1492 4964 1633 5037; x_wconf 86' lang='lat' dir='ltr'><strong>quieeam</strong></span> <span class='ocrx_word' id='word_1_770' title='bbox 1642 4964 1820 5035; x_wconf 89' lang='lat' dir='ltr'><strong>scripturam</strong></span> <span class='ocrx_word' id='word_1_771' title='bbox 1828 4958 1910 5019; x_wconf 84' lang='lat' dir='ltr'><strong>mihi</strong></span> 
     </span>
     <span class='ocr_line' id='line_1_105' title="bbox 1075 5048 1909 5126; baseline 0 -19"><span class='ocrx_word' id='word_1_772' title='bbox 1075 5052 1199 5124; x_wconf 84' lang='lat' dir='ltr'><strong>profers,</strong></span> <span class='ocrx_word' id='word_1_773' title='bbox 1214 5052 1261 5108; x_wconf 92' lang='lat' dir='ltr'><strong>cui</strong></span> <span class='ocrx_word' id='word_1_774' title='bbox 1276 5069 1329 5124; x_wconf 89' lang='lat' dir='ltr'><strong>per</strong></span> <span class='ocrx_word' id='word_1_775' title='bbox 1341 5052 1408 5110; x_wconf 92' lang='lat' dir='ltr'><strong>illos</strong></span> <span class='ocrx_word' id='word_1_776' title='bbox 1423 5054 1616 5123; x_wconf 89' lang='lat' dir='ltr'><strong>credideram,</strong></span> <span class='ocrx_word' id='word_1_777' title='bbox 1633 5053 1684 5126; x_wconf 87' lang='lat' dir='ltr'><strong>qui</strong></span> <span class='ocrx_word' id='word_1_778' title='bbox 1701 5051 1774 5108; x_wconf 91' lang='lat' dir='ltr'><strong>mihi</strong></span> <span class='ocrx_word' id='word_1_779' title='bbox 1787 5048 1909 5109; x_wconf 86' lang='lat' dir='ltr'><strong>mentiti</strong></span> 
     </span>
    </p>
   </div>
   <div class='ocr_carea' id='block_1_7' title="bbox 1071 5362 1944 5748">
    <p class='ocr_par' dir='ltr' id='par_1_10' title="bbox 1071 5362 1944 5748">
     <span class='ocr_line' id='line_1_106' title="bbox 1107 5362 1909 5426; baseline 0.002 -12"><span class='ocrx_word' id='word_1_780' title='bbox 1107 5364 1193 5414; x_wconf 83' lang='lat' dir='ltr'><strong>¹llditi</strong></span> <span class='ocrx_word' id='word_1_781' title='bbox 1203 5365 1261 5415; x_wconf 76' lang='lat' dir='ltr'><strong>Am.</strong></span> <span class='ocrx_word' id='word_1_782' title='bbox 1275 5367 1302 5415; x_wconf 88' lang='lat' dir='ltr'><strong>et</strong></span> <span class='ocrx_word' id='word_1_783' title='bbox 1310 5364 1363 5426; x_wconf 76' lang='lat' dir='ltr'><strong>Er..</strong></span> <span class='ocrx_word' id='word_1_784' title='bbox 1376 5365 1496 5416; x_wconf 78' lang='lat' dir='ltr'><strong>instincti</strong></span> <span class='ocrx_word' id='word_1_785' title='bbox 1506 5364 1661 5426; x_wconf 76' lang='lat' dir='ltr'><strong>dicebamus,</strong></span> <span class='ocrx_word' id='word_1_786' title='bbox 1673 5366 1763 5415; x_wconf 81' lang='lat' dir='ltr'><strong>Amen.</strong></span> <span class='ocrx_word' id='word_1_787' title='bbox 1774 5364 1852 5423; x_wconf 80' lang='lat' dir='ltr'><strong>bor..</strong></span> <span class='ocrx_word' id='word_1_788' title='bbox 1863 5362 1909 5417; x_wconf 73' lang='lat' dir='ltr'><strong>tn·</strong></span> 
     </span>
     <span class='ocr_line' id='line_1_107' title="bbox 1073 5424 1909 5488; baseline 0.001 -12"><span class='ocrx_word' id='word_1_789' title='bbox 1073 5426 1164 5476; x_wconf 84' lang='lat' dir='ltr'><strong>otianti</strong></span> <span class='ocrx_word' id='word_1_790' title='bbox 1177 5426 1333 5476; x_wconf 80' lang='lat' dir='ltr'><strong>duceocmar</strong></span> <span class='ocrx_word' id='word_1_791' title='bbox 1345 5443 1361 5477; x_wconf 87' lang='lat' dir='ltr'><strong>a</strong></span> <span class='ocrx_word' id='word_1_792' title='bbox 1372 5428 1450 5479; x_wconf 78' lang='lat' dir='ltr'><strong>vodis.</strong></span> <span class='ocrx_word' id='word_1_793' title='bbox 1462 5430 1520 5479; x_wconf 88' lang='lat' dir='ltr'><strong>Duo</strong></span> <span class='ocrx_word' id='word_1_794' title='bbox 1531 5430 1602 5488; x_wconf 79' lang='lat' dir='ltr'><strong>lise..</strong></span> <span class='ocrx_word' id='word_1_795' title='bbox 1613 5428 1744 5479; x_wconf 75' lang='lat' dir='ltr'><strong>inclinatis</strong></span> <span class='ocrx_word' id='word_1_796' title='bbox 1753 5424 1909 5477; x_wconf 71' lang='lat' dir='ltr'><strong>discebatur·</strong></span> 
     </span>
     <span class='ocr_line' id='line_1_108' title="bbox 1072 5488 1907 5543; baseline -0.001 -4"><span class='ocrx_word' id='word_1_797' title='bbox 1072 5504 1089 5539; x_wconf 87' lang='lat' dir='ltr'><strong>e</strong></span> <span class='ocrx_word' id='word_1_798' title='bbox 1103 5489 1184 5539; x_wconf 81' lang='lat' dir='ltr'><strong>nodie.</strong></span> <span class='ocrx_word' id='word_1_799' title='bbox 1199 5490 1318 5539; x_wconf 80' lang='lat' dir='ltr'><strong>&#39;l&#39;endsm</strong></span> <span class='ocrx_word' id='word_1_800' title='bbox 1332 5491 1529 5541; x_wconf 80' lang='lat' dir='ltr'><strong>vetustissimus</strong></span> <span class='ocrx_word' id='word_1_801' title='bbox 1543 5491 1711 5543; x_wconf 80' lang='lat' dir='ltr'><strong>corbeiensis</strong></span> <span class='ocrx_word' id='word_1_802' title='bbox 1721 5489 1805 5540; x_wconf 86' lang='lat' dir='ltr'><strong>codex</strong></span> <span class='ocrx_word' id='word_1_803' title='bbox 1818 5502 1825 5538; x_wconf 72' lang='grc' dir='ltr'><strong><em>ε</em></strong></span> <span class='ocrx_word' id='word_1_804' title='bbox 1837 5488 1907 5539; x_wconf 76' lang='lat' dir='ltr'><strong>raa-</strong></span> 
     </span>
     <span class='ocr_line' id='line_1_109' title="bbox 1072 5550 1906 5616; baseline 0.005 -17"><span class='ocrx_word' id='word_1_805' title='bbox 1072 5552 1168 5600; x_wconf 81' lang='lat' dir='ltr'><strong>mtaote&#39;</strong></span> <span class='ocrx_word' id='word_1_806' title='bbox 1176 5550 1324 5601; x_wconf 56' lang='lat' dir='ltr'><strong>&amp;rebamur</strong></span> <span class='ocrx_word' id='word_1_807' title='bbox 1334 5565 1350 5601; x_wconf 85' lang='lat' dir='ltr'><strong>a</strong></span> <span class='ocrx_word' id='word_1_808' title='bbox 1359 5553 1438 5603; x_wconf 78' lang='lat' dir='ltr'><strong>nobb.</strong></span> <span class='ocrx_word' id='word_1_809' title='bbox 1450 5554 1532 5604; x_wconf 80' lang='lat' dir='ltr'><strong>Favet</strong></span> <span class='ocrx_word' id='word_1_810' title='bbox 1541 5554 1605 5605; x_wconf 89' lang='lat' dir='ltr'><strong>hnic</strong></span> <span class='ocrx_word' id='word_1_811' title='bbox 1614 5552 1723 5606; x_wconf 89' lang='lat' dir='ltr'><strong>lectioni</strong></span> <span class='ocrx_word' id='word_1_812' title='bbox 1733 5551 1806 5616; x_wconf 88' lang='lat' dir='ltr'><strong>quod</strong></span> <span class='ocrx_word' id='word_1_813' title='bbox 1819 5550 1906 5615; x_wconf 79' lang='lat' dir='ltr'><strong>inira,</strong></span> 
     </span>
     <span class='ocr_line' id='line_1_110' title="bbox 1072 5612 1904 5683; baseline 0.001 -20"><span class='ocrx_word' id='word_1_814' title='bbox 1072 5613 1196 5677; x_wconf 85' lang='lat' dir='ltr'><strong>incapite</strong></span> <span class='ocrx_word' id='word_1_815' title='bbox 1206 5616 1235 5664; x_wconf 74' lang='lat'><strong>25</strong></span> <span class='ocrx_word' id='word_1_816' title='bbox 1245 5613 1269 5664; x_wconf 91' lang='lat' dir='ltr'><strong>le</strong></span> <span class='ocrx_word' id='word_1_817' title='bbox 1288 5615 1342 5664; x_wconf 89' lang='lat' dir='ltr'><strong>itur</strong></span> <span class='ocrx_word' id='word_1_818' title='bbox 1351 5615 1384 5666; x_wconf 86' lang='lat' dir='ltr'><strong>de</strong></span> <span class='ocrx_word' id='word_1_819' title='bbox 1395 5616 1488 5669; x_wconf 85' lang='lat' dir='ltr'><strong>eedem</strong></span> <span class='ocrx_word' id='word_1_820' title='bbox 1499 5616 1634 5683; x_wconf 77' lang='lat' dir='ltr'><strong>epistole:</strong></span> <span class='ocrx_word' id='word_1_821' title='bbox 1649 5630 1706 5682; x_wconf 77' lang='lat' dir='ltr'><strong>qeae</strong></span> <span class='ocrx_word' id='word_1_822' title='bbox 1713 5617 1770 5681; x_wconf 74' lang='lat' dir='ltr'><strong>fere</strong></span> <span class='ocrx_word' id='word_1_823' title='bbox 1778 5612 1904 5665; x_wconf 74' lang='lat' dir='ltr'><strong>amathar</strong></span> 
     </span>
     <span class='ocr_line' id='line_1_111' title="bbox 1071 5629 1944 5748; baseline 0.003 -20"><span class='ocrx_word' id='word_1_824' title='bbox 1071 5674 1202 5741; x_wconf 72' lang='lat' dir='ltr'><strong>catapan</strong></span> <span class='ocrx_word' id='word_1_825' title='bbox 1216 5689 1260 5726; x_wconf 78' lang='lat' dir='ltr'><strong>voa</strong></span> <span class='ocrx_word' id='word_1_826' title='bbox 1271 5629 1420 5731; x_wconf 68' lang='lat' dir='ltr'><strong>illuminati</strong></span> <span class='ocrx_word' id='word_1_827' title='bbox 1432 5678 1563 5748; x_wconf 76' lang='lat' dir='ltr'><strong>dicantar,</strong></span> <span class='ocrx_word' id='word_1_828' title='bbox 1582 5678 1647 5741; x_wconf 74' lang='lat' dir='ltr'><strong>calet</strong></span> <span class='ocrx_word' id='word_1_829' title='bbox 1659 5692 1713 5733; x_wconf 74' lang='lat' dir='ltr'><strong>cccc</strong></span> <span class='ocrx_word' id='word_1_830' title='bbox 1722 5677 1869 5731; x_wconf 69' lang='lat' dir='ltr'><strong>actiuinc·</strong></span> <span class='ocrx_word' id='word_1_831' title='bbox 1942 5742 1944 5747; x_wconf 28' lang='grc' dir='ltr'>Ι</span> 
     </span>
    </p>
   </div>
   <div class='ocr_carea' id='block_1_8' title="bbox 0 0 1965 6128">
    <p class='ocr_par' dir='ltr' id='par_1_11' title="bbox 0 0 1965 6128">
     <span class='ocr_line' id='line_1_112' title="bbox 0 0 1965 6128; baseline 0 0"><span class='ocrx_word' id='word_1_832' title='bbox 0 0 1965 6128; x_wconf 95' lang='lat' dir='ltr'><strong> </strong></span> 
     </span>
    </p>
   </div>
  </div>
 </body>
</html>
