3908 6128
120 306 196 366 {08¹
716 303 830 366 LIBER
855 301 1028 376 QUINTUS
1051 302 1236 366 oucibus
1749 303 1824 362 {082

122 446 185 496 tum
202 439 286 494 nobis
301 438 329 491 in
348 438 433 492 rebus
446 437 533 491 tantis
544 438 639 492 vidore
651 437 694 492 vel
705 438 867 509 eanjeeinre
879 452 946 491 eon·
1001 435 1070 506 qnia
1085 440 1112 492 et
1127 436 1204 493 Deus
1229 440 1314 492 Pater
1338 439 1367 492 et
1391 435 1467 490 Deus
1483 433 1573 490 Filius
1589 440 1684 505 protest
1698 433 1824 491 ebaritas

117 544 236 585 eessum
251 530 304 596 est,
316 543 383 582 vera
394 541 459 582 esse
469 525 652 593 elaru'ernnt;
662 525 946 582 neseieeurnensie
1000 525 1175 597 nuncupari.

118 623 151 674 ut
163 614 309 690 sapientia
318 618 346 671 et
355 615 440 670 Pater
449 614 558 670 dieitur
567 619 595 671 et
606 614 695 670 lilius
705 619 734 671 st
743 613 869 686 Spiritus
878 629 946 670 san·
1034 612 1079 667 st.
1091 613 1175 668 Sient
1185 628 1252 686 erge
1264 612 1385 669 nuieum
1398 610 1447 667 Dei
1461 611 1591 668 Verbum
1605 612 1721 685 proprie
1736 628 1824 670 vocn-

118 712 196 771 etus,
208 708 236 759 et
246 703 337 759 simul
359 718 462 759 omnes
481 719 539 758 non
560 706 630 770 tres,
651 704 700 760 ssd
713 719 773 760 una
783 703 945 776 sapientia;
1000 715 1066 757 mus
1077 699 1195 757 nomine
1205 701 1366 774 sapientis,
1379 715 1446 756 eum
1457 699 1709 757 situuivarsaliter
1721 702 1821 775 etSpi·
1904 724 1910 731 ·

120 796 161 849 ita
177 796 205 850 et
220 790 350 849 ebaritas
366 794 394 847 et
410 791 493 847 Pater
507 791 623 847 dieetur
636 795 665 848 st
677 791 768 850 Pilius
783 791 947 866 etspiritus
999 788 1614 863 ritussanetuseti’ateripsesapientin3ita
1625 789 1824 862 Spiritussen·
1934 864 1937 869 Ι

121 886 253 948 sanetus,
270 883 300 935 et
314 878 404 936 simul
421 895 521 936 omnes
538 897 597 935 una
609 880 747 936 charitas.
763 880 811 937 Sie
825 879 904 937 euim
919 883 948 936 st
998 876 1827 951 etusproprienuncupstnrveeabnleeharitatis‚eumsit

123 968 302 1035 Paterlleus,
314 973 344 1025 et
354 967 446 1024 Pilius
455 968 542 1039 Deus,
554 972 583 1026 et
592 967 717 1041 Spiritus
728 968 945 1040 sanetustus,
999 965 1204 1022 universaliter
1212 967 1339 1024 ebaritas
1347 973 1375 1024 et
1388 969 1507 1025 Paterst
1518 966 1620 1023 Filius.
1631 968 1686 1024 Sed
1697 968 1748 1025 Dei
1758 969 1826 1026 Ver·

120 1064 148 1115 et
164 1057 253 1114 simul
267 1073 371 1114 omnes
383 1074 461 1113 unus
476 1059 563 1115 Deus.
999 1053 1080 1123 bum,
1093 1053 1122 1110 id
1133 1060 1188 1122 est,
1202 1056 1372 1128 unigenitus
1389 1057 1438 1114 hei
1453 1055 1545 1113 Filius
1561 1060 1659 1129 aperte
1672 1057 1768 1114 dietus
1779 1063 1825 1114 ost

153 1148 203 1202 29.
217 1147 253 1203 ut
263 1150 363 1203 tamen
373 1163 431 1202 non
443 1146 552 1202 trustra
561 1145 591 1201 in
600 1144 869 1203 bae'l'rinitatenon
879 1142 948 1202 diei·
1000 1143 1048 1199 Dei
1060 1144 1214 1216 sapientia,
1228 1160 1277 1200 ore
1288 1144 1463 1218 apostolico,
1477 1145 1528 1201 ubi
1548 1144 1598 1215 ait,
1622 1145 1760 1202 Christum
1776 1148 1825 1205 liei

119 1241 168 1293 tur
179 1235 308 1292 Verbum
320 1235 370 1291 liei
383 1235 440 1291 nisi
453 1235 556 1305 Pilius,
568 1250 622 1291 nee
632 1239 747 1292 Donum
759 1234 811 1291 Dei
819 1234 877 1291 nisi
885 1233 948 1306 Spi·
998 1234 1129 1289 virtutem
1138 1240 1164 1289 et
1172 1234 1223 1288 liei
1230 1235 1396 1306 sapientiem
1407 1235 1430 1307 (l
1442 1234 1502 1291 der.
1510 1251 1530 1306 1,
1544 1235 1589 1308 st)
1602 1252 1609 1291 τ
1626 1234 1752 1309 Spiritus
1767 1253 1819 1293 sn-

120 1327 196 1382 ritus
207 1327 340 1396 sanetus,
351 1340 403 1380 nse
414 1324 449 1380 ds
460 1339 517 1396 quo
527 1324 658 1397 genitum
673 1328 718 1381 est
731 1324 856 1381 Verbum
872 1323 948 1380 atde
998 1323 1058 1377 tem
1069 1324 1188 1379 sanetus
1198 1321 1248 1378 ubi
1258 1320 1296 1378 sit
1307 1322 1404 1379 dietus
1415 1321 1542 1379 ebaritas
1552 1322 1726 1391 invenimus,
1739 1323 1765 1380 si
1775 1324 1818 1380 di-

121 1431 179 1488 que
188 1413 320 1487 proeedit
330 1411 529 1484 principaliter
539 1412 860 1485 Spiritussanetusnisi
870 1412 947 1470 Dens
998 1407 1122 1483 ligenter
1132 1411 1256 1467 loannis
1270 1410 1395 1481 apostoli
1411 1415 1577 1468 scrutemur
1587 1410 1735 1485 eloquium
1748 1431 1755 1481 ;
1767 1413 1819 1484 qui

121 1502 218 1561 Pater.
234 1501 301 1558 ldae
317 1504 416 1557 sutem
431 1500 543 1569 addidi,
558 1500 771 1574 Principaliter,
785 1501 854 1572 quia
868 1505 897 1558 et
911 1502 947 1558 de
998 1512 1066 1554 eum
1082 1499 1213 1568 dixisset,
1228 1500 1416 1568 Diteettsrtmi,
1442 1500 1591 1571 ditipomur
1611 1502 1741 1570 inuicem,
1756 1504 1822 1574 onie

123 1590 195 1648 Pilio
210 1591 339 1664 Spiritus
352 1593 474 1646 sanetus
490 1590 646 1663 precedere
662 1589 815 1662 reperitur.
827 1589 883 1647 Sed
892 1589 947 1647 hee
998 1585 1107 1644 ditectio
1119 1604 1155 1644 ex
1170 1589 1223 1645 Dee
1241 1592 1300 1656 αεὶ,-
1315 1592 1434 1645 seeutus
1450 1589 1595 1661 adjunxit,
1619 1590 1652 1645 lit
1676 1594 1765 1647 omnis
1775 1593 1823 1663 qni

122 1696 240 1755 quoque
249 1678 293 1735 illi
304 1680 389 1736 Pater
398 1679 489 1748 dedit,
501 1695 559 1736 nen
565 1679 628 1751 jam
636 1679 771 1737 existenti
779 1683 808 1736 et
816 1679 947 1736 nondum
998 1675 1103 1746 dilios't
1116 1694 1154 1734 ex
1167 1678 1221 1734 lieo
1231 1683 1314 1734 natu-r
1324 1683 1386 1734 est:
1397 1681 1446 1751 qni
1455 1679 1623 1749 nendilipit,
1634 1696 1688 1735 sen
1698 1684 1823 1752 ceptrovr't

122 1767 304 1826 babentitssd
313 1767 457 1840 quidquid
466 1767 617 1839 unigenito
631 1767 814 1837 Verbidedit,
825 1768 948 1842 gignen-
997 1768 1094 1834 Deam,
1104 1769 1249 1841 puiolteue
1258 1768 1428 1825 dileetieert.
1441 1766 1493 1824 Hie
1507 1768 1705 1825 manifestavit
1714 1785 1779 1826 enm
1789 1786 1821 1827 se

121 1859 159 1915 do
174 1856 264 1914 dedit.
279 1856 326 1912 Sie
341 1872 410 1929 ergo
425 1872 491 1913 eum
508 1856 620 1929 genuit,
637 1861 670 1912 nt
684 1854 773 1913 etiam
784 1855 878 1913 deille
891 1855 947 1913 Do·
998 1856 1106 1913 dixisse
1120 1856 1306 1913 dileetionem
1322 1855 1426 1921 Deum,
1437 1873 1526 1929 quam
1537 1856 1732 1915 dixitexlieo.
1745 1861 1820 1915 Deus
1936 1870 1938 1877 ·

121 1964 192 2004 num
208 1961 365 2002 eommune
379 1946 558 2019 proreperet,
575 1948 604 2001 et
618 1944 746 2018 Spiritus
757 1944 947 2019 sanetusspi·
997 1960 1067 2018 erge
1081 1961 1116 2002 ex
1130 1945 1188 2003 Dee
1208 1949 1253 2002 est
1267 1945 1395 2002 dileetio.
1410 1945 1466 2002 Sed
1483 1945 1550 2018 quia
1564 1948 1592 2002 st
1608 1945 1697 2002 Filius
1711 1963 1746 2003 ex
1761 1946 1819 2004 Deo

123 2037 198 2092 ritus
213 2039 292 2092 esset
306 2034 472 2091 amborum.
498 2034 561 2090 Non
588 2037 635 2090 est
661 2034 754 2106 igitur
781 2033 949 2107 aoeipienda
998 2035 1081 2091 Petra
1096 2039 1183 2092 natns
1199 2039 1255 2102 est,
1270 2033 1437 2107 etSpiritus
1459 2039 1580 2091 sanetus
1604 2049 1639 2091 ex
1661 2034 1719 2091 Deo
1734 2039 1820 2093 Patre

128 2128 322 2191 transeunter,
339 2123 390 2181 sed
414 2121 571 2196 diligenter
584 2123 728 2180 intuenda
742 2120 948 2196 inseparabilis
998 2124 1138 2197 presedit,
1152 2140 1239 2197 quem
1254 2123 1354 2197 potius
1373 2140 1475 2181 eorum
1498 2122 1546 2179 hio
1570 2123 1729 2181 debeamus
1744 2125 1819 2181 neei-

126 2212 278 2271 Trinitatis
293 2211 351 2269 ista
367 2212 528 2269 distinctio.
544 2211 618 2269 Hine
640 2212 718 2269 enim
732 2212 841 2269 laetum
856 2215 902 2269 est
915 2214 948 2268 ut
998 2228 1066 2285 pere
1081 2213 1192 2269 dietum
1207 2228 1272 2270 esse
1286 2212 1473 2271 dilectionem
1488 2212 1594 2281 Deum,
1604 2213 1708 2269 marito
1719 2215 1821 2286 quaeri·

125 2302 241 2377 propris
254 2299 306 2359 Dei
319 2301 447 2358 Verbum
465 2301 552 2358 etiam
567 2301 618 2359 Dei
634 2298 781 2374 sapientis
789 2300 946 2368 diceretur,
997 2305 1056 2358 tur.
1068 2302 1153 2358 Pater
1160 2302 1238 2358 enim
1247 2301 1329 2359 seius
1340 2302 1382 2359 its
1392 2302 1470 2359 Deus
1480 2305 1535 2373 est,
1546 2305 1580 2358 ut
1589 2317 1647 2358 nen
1657 2302 1692 2359 sit
1701 2319 1735 2358 ex
1743 2303 1800 2360 Deo
1812 2319 1818 2360 :

122 2407 193 2449 euni
204 2390 243 2447 sit
250 2389 431 2462 sapientiaet
438 2390 521 2446 Pater
528 2390 830 2462 etSpiritussanetns.
840 2388 869 2447 Si
878 2404 947 2464 ergo
986 2406 1032 2469 ,se
1047 2407 1098 2464 per
1112 2390 1167 2448 boe
1181 2390 1298 2448 dileetio
1313 2408 1377 2464 qun
1392 2390 1522 2448 itabens
1537 2395 1591 2463 est,
1606 2395 1639 2447 ut
1654 2406 1688 2448 ex
1700 2392 1757 2448 Dee
1769 2392 1817 2460 sit,

126 2479 241 2553 proprie
251 2479 363 2552 aliquid
379 2479 485 2536 horum
498 2478 587 2535 trium
603 2479 731 2535 ebaritas
750 2478 947 2555 nrrneupapda
989 2485 1050 2536 'aut
1066 2479 1156 2537 Filius
1172 2485 1226 2547 est,
1242 2485 1294 2536 aui
1312 2481 1438 2554 Spiritus
1455 2483 1584 2537 sanetus.
1600 2480 1656 2538 Ssd
1671 2480 1701 2537 in
1717 2496 1818 2539 eonse-

124 2576 179 2635 est,
195 2569 265 2641 quid
282 2568 379 2640 aptius
395 2583 484 2639 quum
501 2572 534 2623 nt
548 2567 604 2623 hee
615 2567 651 2621 sit
666 2567 792 2639 Spiritus
804 2558 948 2624 sanetus?
998 2568 1157 2641 questibus
1173 2585 1239 2624 eum
1264 2568 1313 2625 Dei
1338 2568 1524 2626 dilectionem
1548 2576 1818 2640 commemorasset,

125 2658 161 2713 tlt
176 2658 287 2714 seilicet
302 2658 332 2712 in
348 2656 414 2711 illa¹
432 2656 558 2730 simplici
572 2672 748 2727 summaque
762 2660 877 2723 ustura,
889 2674 946 2712 non
998 2674 1056 2713 non
1073 2675 1202 2730 quianon
1218 2672 1296 2729 eum,
1312 2660 1362 2715 ssd
1384 2676 1442 2731 qna
1455 2660 1514 2727 lpse
1533 2659 1631 2716 stiterit
1647 2676 1708 2728 aes,
1723 2669 1749 2715 et
1763 2663 1818 2715 trti-

122 2749 161 2803 sit
171 2745 252 2803 alind
262 2746 430 2803 substantia
440 2748 469 2803 et
478 2745 558 2801 alind
570 2745 711 2812 ebaritns;
721 2745 772 2802 sed
784 2744 948 2803 substantia
997 2748 1034 2803 eit
1047 2748 1151 2802 litium
1164 2763 1245 2803 raom
1271 2748 1429 2803 litatorem¹
1449 2763 1499 2820 pro
1515 2750 1748 2819 peccatisnostris
1761 2766 1772 2816 ,-
1787 2754 1816 2805 st

120 2835 188 2908 ipsa
197 2834 237 2892 sit
246 2832 386 2903 ebaritas,
397 2837 425 2890 et
435 2833 564 2891 ebaritas
576 2834 641 2907 ipsa
651 2833 691 2890 sit
701 2833 875 2903 substantia,
887 2835 947 2892 sive
998 2834 1066 2891 bine
1081 2836 1251 2892 exhortatus
1276 2839 1354 2893 esset
1377 2840 1411 2892 ut
1435 2852 1489 2892 nos
1510 2836 1634 2894 invicem
1650 2836 1818 2910 diligamns,

120 2922 150 2979 in
169 2924 264 2994 Patre,
280 2923 341 2981 sive
357 2923 388 2979 in
404 2922 487 2990 Filio,
506 2922 565 2979 sive
582 2923 610 2977 in
624 2922 732 2996 Spiritu
744 2927 855 2992 saneto,
866 2927 896 2980 et
906 2927 947 2980 ta·
997 2929 1085 2997 atque
1100 2924 1141 2981 ita
1155 2930 1229 2982 Deus
1244 2925 1274 2981 in
1289 2925 1374 2981 nobis
1388 2928 1514 2992 maneat,
1531 2925 1599 2998 quin
1613 2925 1715 2997 utique
1730 2925 1821 2984 dilee-

121 3030 188 3069 men
205 3011 321 3086 proprie
336 3010 464 3085 Spiritus
479 3016 600 3069 sanetus
611 3012 738 3069 ebaritas
749 3016 944 3085 nuneupetur.
997 3013 1108 3069 tionem
1125 3015 1199 3070 Deus
1214 3013 1335 3083 dixerat,
1352 3014 1453 3072 statim
1467 3012 1568 3071 velens
1584 3014 1685 3071 daban
1695 3031 1725 3071 re
1736 3031 1821 3088 eper-

156 3106 201 3160 30.
213 3102 295 3160 Siout
307 3101 392 3175 Legis
401 3101 520 3159 nomine
530 3101 787 3174 aliquandosimul
796 3103 947 3161 omnisve
997 3102 1056 3159 tius
1072 3102 1182 3175 aliquid
1198 3103 1305 3176 eloqui,
1319 3104 1349 3160 la
1365 3106 1424 3174 tior,
1439 3103 1547 3177 inquit,
1559 3106 1744 3176 repressimus
1754 3106 1820 3175 qaia

120 3190 947 3266 terislnstrumentisanetarumseripturarumsignillean·
998 3192 1028 3247 in
1040 3193 1102 3264 ipre
1116 3207 1270 3260 menemus,
1294 3200 1320 3248 et
1344 3194 1400 3264 ipse
1421 3194 1453 3247 irs
1471 3193 1560 3262 sotis,
1577 3196 1643 3267 puio
1664 3193 1697 3250 de
1712 3195 1818 3266 Spiritu

119 3284 169 3337 tur
178 3279 304 3354 eloquia.
315 3281 389 3336 Nam
400 3294 435 3337 sx
445 3280 588 3353 propbeta
597 3280 885 3338 lsaiatestimonium
896 3296 946 3355 pe·
996 3296 1045 3337 aue
1060 3280 1134 3338 dedit
1148 3282 1235 3338 nebia.
1248 3281 1377 3354 Spiritus
1388 3281 1486 3354 itaque
1496 3287 1616 3339 sanetus
1625 3283 1661 3338 de
1671 3299 1729 3355 que
1741 3283 1820 3339 dedit

120 3367 374 3442 nenshpostnlus,
386 3369 500 3439 ubisit,
512 3369 811 3441 lonliislitrprttsetin
823 3367 945 3426 otiialn·
997 3369 1092 3435 nobis,
1108 3369 1178 3427 iaeit
1192 3386 1246 3426 nos
1260 3369 1290 3426 in
1306 3368 1364 3427 Deo
1380 3386 1509 3439 manera,
1525 3375 1554 3427 et
1566 3371 1663 3445 ipsum
1676 3371 1705 3427 in
1717 3371 1817 3428 nobis:
1933 3374 1936 3379 '

121 3458 177 3514 biis
184 3458 281 3531 loquer
290 3457 389 3530 populo
399 3457 463 3514 tuto
473 3476 482 3514 :
492 3458 633 3531 premisit
642 3463 750 3525 tamen,
760 3462 792 3514 ln
801 3459 945 3528 tepescet·
996 3457 1051 3515 boe
1065 3461 1162 3515 sutem
1177 3457 1246 3515 feeit
1260 3457 1387 3514 dileetio.
1400 3459 1465 3531 lpse
1480 3462 1525 3516 est
1537 3459 1628 3532 igitur
1641 3459 1717 3516 Dens
1733 3459 1821 3516 dilee-

119 3555 200 3619 ptam
212 3550 253 3602 est
266 3547 340 3618 (lsai.
357 3563 456 3614 xxviii,
475 3547 505 3603 ΙΙ
518 3566 526 3617 3
543 3555 569 3603 et
585 3548 594 3602 1
611 3547 671 3606 Cor.
687 3564 745 3619 xrv,
759 3547 816 3619 21).
832 3548 868 3603 ut
882 3547 945 3621 ipse
996 3547 1047 3604 tle.
1064 3545 1196 3618 Denique
1211 3545 1297 3619 paulo
1312 3550 1379 3620 post
1394 3563 1462 3604 eum
1476 3547 1532 3604 boe
1546 3546 1645 3619 ipsum
1656 3547 1821 3621 repetiisset

120 3634 275 3708 Dominus,
290 3636 322 3692 ln
332 3636 414 3708 Lepe,
432 3635 646 3707 immitterem
669 3637 802 3708 seriptum
815 3644 864 3704 est,
879 3635 945 3709 puta
996 3637 1083 3708 atque
1097 3635 1228 3705 dixisset,
1242 3636 1313 3692 Deus
1326 3634 1437 3693 dileetio
1450 3639 1509 3700 eet:
1528 3635 1667 3693 continue
1682 3637 1817 3709 subjeeit,

119 3724 238 3782 oderunt
251 3741 295 3782 me
308 3726 396 3796 aratis
409 3724 500 3797 (loen.
513 3741 559 3792 xv,
569 3724 615 3797 35)
626 3742 633 3794 ;
646 3741 713 3782 eum
724 3723 779 3781 hee
789 3723 903 3797 legatur
912 3724 943 3781 in
995 3726 1029 3781 lit
1042 3727 1092 3799 pai
1107 3733 1198 3781 manet
1212 3725 1242 3780 ie
1257 3723 1411 3794 dilectione,
1423 3727 1456 3782 in
1465 3726 1518 3782 Deo
1527 3729 1634 3792 monet,
1646 3733 1672 3782 et
1681 3727 1818 3782 Deusara·

120 3813 238 3871 Psalmo
254 3813 339 3886 [Psoi.
355 3830 452 3885 xxxiv,
467 3813 523 3883 19).
536 3812 699 3887 aliquando
714 3816 811 3872 autem
828 3813 944 3888 proprie
993 3821 1040 3871 teet
1049 3815 1130 3870 ineo:
1137 3814 1214 3870 unde
1223 3830 1312 3886 supra
1322 3814 1444 3884 dixerat,
1454 3814 1487 3870 la
1497 3815 1546 3870 too
1556 3818 1740 3886 repererimus
1750 3816 1816 3885 onie

119 3904 240 3959 voeatur
255 3902 322 3974 Lex,
338 3917 402 3974 quas
417 3902 486 3959 data
508 3905 553 3959 est
572 3918 624 3976 per
637 3905 764 3977 Moysen,
780 3903 942 3961 seeundum
993 3904 1025 3959 in
1037 3905 1096 3975 ipae
1110 3919 1263 3973 manemus,
1279 3910 1306 3960 et
1319 3904 1378 3976 ipse
1394 3905 1423 3960 in
1433 3903 1521 3973 nobb,
1533 3904 1757 3978 qttiodespiritsr
1769 3920 1815 3960 suo

119 3989 199 4064 qued
209 3989 321 4047 dietum
331 3994 387 4063 ast,
407 3992 464 4048 Les
474 3991 747 4065 terrestremque
757 3991 943 4051 sermenem
992 3990 1068 4048 dedit
1082 3992 1171 4049 nobis.
1188 3996 1252 4064 lpse
1267 4007 1335 4065 ergo
1348 3990 1531 4064 signifieatur
1546 3992 1596 4048 uhi
1611 3992 1726 4068 legitur,
1743 3995 1814 4049 pens

121 4078 229 4152 (deut.
245 4096 284 4147 xi,
301 4078 345 4152 13)
358 4097 365 4148 ;
377 4084 416 4146 et,
427 4081 458 4136 in
473 4081 517 4136 bis
535 4079 638 4137 duetus
656 4082 797 4154 praecptis
817 4086 874 4140 tota
888 4083 944 4140 Lex
991 4081 1103 4140 ditectio
1116 4087 1167 4140 ert.
1184 4081 1262 4139 Deus
1275 4080 1365 4152 igitur
1378 4081 1506 4155 Spiritus
1521 4086 1640 4139 sanetus
1652 4082 1703 4154 qui
1714 4098 1812 4154 proee-

116 4168 221 4239 pendet
234 4173 262 4225 et
275 4168 694 4242 Propbetaeild.xx11,40).blie
710 4169 813 4243 utique
827 4170 943 4245 proprie
992 4171 1036 4228 dit
1050 4188 1085 4228 ex
1100 4172 1167 4239 Deo,
1182 4186 1248 4227 eum
1266 4171 1353 4227 datus
1368 4168 1454 4226 inerit
1466 4169 1588 4237 bomini,
1602 4171 1735 4226 accendit
1745 4187 1813 4227 enm

118 4257 178 4315 Lex
188 4256 334 4331 appellata
344 4262 400 4328 est,
412 4258 448 4314 de
459 4262 559 4315 mente
569 4258 650 4316 Sina.
663 4258 873 4334 Prophetarum
889 4276 942 4316 au·
991 4259 1022 4317 ln
1038 4259 1222 4318 dilectionem
1238 4259 1290 4316 Dei
1304 4263 1334 4316 et
1347 4258 1483 4331 proximi,
1507 4263 1535 4314 et
1550 4258 1612 4331 ipse
1627 4257 1741 4314 dileetio
1756 4263 1811 4315 est.

118 4351 180 4403 tem
192 4347 310 4403 nomine
320 4347 409 4403 etiam
421 4346 531 4403 Psalmi
541 4347 697 4420 signifieati
708 4351 794 4405 sunt:
806 4351 835 4404 et
844 4351 942 4406 tamen
991 4348 1055 4407 Non
1071 4348 1149 4406 enim
1164 4348 1252 4405 babet
1265 4347 1353 4404 hemo
1369 4347 1447 4404 unde
1472 4350 1562 4403 Deum
1578 4345 1690 4420 diligat,
1705 4345 1814 4403 nisiex

118 4434 177 4491 atie
190 4434 254 4492 loeo
265 4433 328 4507 ipse
335 4434 475 4501 Salvator,
486 4435 760 4509 Oportebatinquit,
770 4436 882 4509 impleri
888 4452 943 4494 om·
992 4441 1060 4494 Deo.
1076 4438 1197 4510 Propter
1211 4436 1288 4508 quod
1309 4434 1394 4509 paulo
1410 4439 1476 4508 pest
1496 4434 1584 4493 dieit:
1599 4435 1652 4493 Nos
1662 4434 1813 4507 ditipemue

117 4525 170 4580 aio
182 4539 243 4597 quar
256 4525 358 4596 scripto
371 4528 436 4582 aaut
456 4526 487 4581 in
501 4525 569 4597 ispe,
586 4529 612 4581 et
626 4525 778 4596 Prophetis,
789 4525 943 4583 etPsatmie
991 4543 1067 4597 enm,
1082 4526 1149 4599 prtia
1163 4527 1222 4598 ipse
1243 4526 1324 4599 prior
1345 4525 1446 4581 dilexit
1464 4540 1513 4581 tres
1528 4523 1552 4598 (Ι
1573 4525 1650 4582 leon.
1668 4540 1706 4593 iv,
1721 4523 1811 4597 7-19).

118 4612 152 4670 de
165 4628 210 4669 ms
226 4613 301 4683 [Leo.
317 4629 394 4682 xxiv,
410 4614 466 4686 ΙΙ).
483 4613 533 4670 Hic
549 4630 652 4671 rursus
668 4613 878 4686 Prophetarum
893 4631 942 4672 no·
990 4614 1148 4688 Apostolus
1164 4629 1279 4687 queque
1294 4612 1419 4670 Paulus:
1435 4613 1559 4682 Dilectie,
1576 4611 1683 4686 inquit,
1696 4612 1813 4685 haidis·

119 4717 199 4770 men,
210 4700 338 4774 exeeptis
349 4701 485 4769 Psalmis,
498 4701 620 4776 intelligi
632 4701 732 4759 veluit.
746 4702 859 4760 Dieitur
873 4719 941 4778 erge
990 4707 1055 4780 fuso
1068 4712 1108 4763 est
1120 4706 1151 4760 ir
1178 4702 1303 4760 cordibus
1329 4704 1442 4769 nestris,
1464 4717 1516 4775 per
1539 4701 1673 4775 Spiritum
1686 4707 1813 4760 sonetum

118 4790 177 4848 Lex
189 4789 392 4849 universaliter
401 4807 467 4848 enm
478 4790 631 4866 Prophetis
648 4796 677 4848 st
686 4791 820 4864 Psalmis,
836 4793 943 4851 dieitur
992 4796 1041 4869 qni
1055 4794 1134 4851 dotus
1146 4798 1187 4850 eat
1200 4791 1277 4849 netis
1289 4793 1375 4861 (Rom.
1392 4808 1421 4859 v,
1435 4791 1474 4862 5).

116 4882 148 4938 st
157 4879 279 4952 proprie
290 4895 353 4951 qua
364 4897 415 4953 per
429 4880 546 4955 Moysen
562 4881 630 4939 data
644 4884 698 4938 est.
716 4881 787 4938 item
804 4881 925 4939 dieuntu
1026 4881 1143 4942 CAPUT
1157 4881 1255 4939 xvttt.
1272 4911 1306 4923 -
1319 4880 1365 4936 32.
1380 4879 1494 4937 Notium
1508 4880 1556 4937 Dei
1565 4879 1813 4938 mouereturitate

118 4968 943 5043 eommuniterPropbetnsimuleumPsalmis,dieuntnr
991 4966 1812 5030 excellentiaanllumestistetieideneexeellentiusSe-

116 5058 147 5114 et
156 5056 272 5129 proprie
283 5061 387 5130 prater
396 5057 542 5115 Psalmos.
557 5058 705 5116 simultis
720 5058 787 5117 aliis
801 5059 942 5134 exemplis
992 5060 1054 5118 lum
1065 5059 1198 5132 estquod
1208 5057 1311 5116 dividit
1321 5058 1397 5115 inter
1410 5057 1485 5114 illies
1496 5058 1577 5130 regni
1588 5055 1685 5115 sterni
1698 5053 1812 5114 etlllles

114 5142 942 5219 doesripotsst,mnltererumvoeabula,etuniversalitar
991 5147 1165 5223 perditionis
1175 5152 1299 5204 sternas.
1310 5150 1422 5203 Dantur
1431 5149 1459 5202 et
1469 5143 1526 5201 alia
1536 5144 1734 5218 perspiritum
1744 5160 1811 5200 san·

118 5232 199 5307 poni,
210 5237 240 5289 et
248 5234 365 5307 proprie
380 5234 557 5308 quibusdam
572 5237 661 5294 rebus
680 5237 822 5307 adbiberi,
840 5239 896 5295 nisi
910 5238 941 5296 in
991 5241 1071 5296 etum
1083 5253 1216 5304 munera,
1227 5231 1353 5294 sed'sine
1363 5232 1503 5291 ebaritata
1514 5231 1586 5288 nibil
1602 5236 1734 5305 presunt.
1750 5233 1811 5289 Nisi

118 5336 152 5380 re
164 5326 267 5395 aperta
280 5323 400 5380 vitanda
415 5323 455 5380 sit
468 5322 620 5397 longitude
635 5325 791 5382 sermonis.
807 5325 866 5383 lloe
876 5326 941 5385 ideo
991 5341 1060 5401 ergo
1069 5329 1186 5383 tantum
1197 5322 1383 5400 impertiatur
1392 5322 1497 5394 euique
1505 5321 1632 5394 Spiritus
1640 5325 1771 5390 sanetus,
1781 5325 1813 5378 ut

117 5409 192 5482 dixi,
207 5426 244 5468 ne
267 5410 424 5485 quisquam
453 5417 606 5485 propterea
634 5429 689 5469 nes
706 5413 942 5473 inconvenienter
991 5430 1058 5473 eum
1068 5414 1119 5472 Dei
1129 5418 1158 5471 et
1167 5411 1291 5486 proximi
1303 5411 1391 5469 faeiat
1401 5413 1572 5477 amatorem,
1588 5426 1606 5467 s
1620 5407 1740 5467 sinistra
1755 5426 1813 5467 non

117 5497 266 5557 existimat
279 5499 450 5557 ebaritatem
465 5499 611 5573 appellare
633 5499 774 5572 Spiritum
794 5508 941 5574 sanetum,
991 5498 1813 5574 transfertureddexteramNeesplrituspropriedieitur

1024 5614 1034 5650 ¹
1048 5611 1127 5670 Editi,
1142 5608 1314 5660 liberatorem.
1328 5607 1362 5659 tt
1375 5608 1439 5659 lies.
1454 5605 1593 5658 litatorem.
1602 5607 1701 5671 Graes,
1712 5608 1724 5657 Ι
1734 5607 1812 5659 lesn-

154 5665 163 5700 ¹
177 5664 256 5727 liditt,
270 5665 297 5718 ts
310 5664 358 5717 ttta
373 5667 517 5720 Trinitatis.
526 5669 592 5730 Vox,
610 5666 750 5729 Trinitatis,
764 5668 841 5721 abest
853 5672 939 5726 altu.
992 5674 1042 5735 nis,
1059 5687 1115 5737 esp.
1132 5675 1154 5732 Ι,
1165 5685 1191 5732 v,
1207 5675 1245 5731 to,
1259 5669 1378 5722 tumen.
