3908 6128
78 444 116 509 ld
822 448 1043 512 uhAElArlo.
1746 454 1785 517 ld

79 578 118 641 ad
133 598 257 643 nonum
286 579 419 643 Gallieni
432 598 550 643 aunum
565 578 696 662 (Epiplc.
721 580 776 643 uu.
800 580 835 643 de
861 580 958 643 Poud.
974 590 1005 642 et
1020 578 1137 661 Meua),
1168 582 1223 660 qui
1250 600 1322 645 cnm
1352 599 1435 644 anno
1464 582 1580 645 Christi
1608 587 1668 647 262
1697 586 1785 647 coin·

81 660 168 723 cidit.
192 662 347 725 Eusebius
371 679 447 723 vero
473 661 514 722 ad
543 668 669 743 tempus
696 660 808 723 Felicis
836 679 927 741 papus
954 665 987 723 et
1012 660 1198 722 Diocletiani
1226 660 1426 744 imperatoris
1453 662 1590 745 (Ecum,
1607 664 1692 728 thr
1716 686 1786 749 cup.

78 742 192 821 ³0³2),
232 744 289 823 qui
326 748 433 803 tamen
469 742 510 803 ad
543 742 713 821 imperium
741 759 803 803 uon
833 742 987 821 pervenit,
1012 740 1071 802 nisi
1097 742 1163 802 lere
1191 748 1263 822 post
1287 742 1473 805 decennium
1497 762 1518 805 a
1544 752 1644 808 morte
1672 748 1787 808 Felicis

80 840 260 901 papaequae
289 822 423 917 contigit
444 824 614 883 annom.
642 825 705 883 Leo
733 823 866 901 Magnus
894 821 1021 901 longius
1048 820 1191 883 eamdem
1222 822 1376 901 originem
1405 823 1582 899 submovet,
1612 826 1787 889 udannum

78 903 197 963 scilicet
225 922 246 964 a
273 902 392 963 thristr
416 901 644 965 resurrectione
671 902 742 963 260.
770 902 874 963 Probo
898 901 1088 983 imperatore
1115 908 1146 963 et
1175 900 1307 963 Paulino
1336 902 1464 965 consule
1495 902 1563 984 (Leo
1590 911 1719 969 serm
1746 906 1783 967 dc

76 982 220 1059 Pmtec.].
248 984 328 1044 Acta
361 982 545 1045 collationis
580 1001 652 1044 cum
680 982 783 1043 Felice
813 982 1001 1055 manichaeo,
1031 983 1086 1061 qui
1110 981 1288 1044 Catholicos
1315 984 1502 1044 seducturus
1532 1002 1602 1045 cum
1631 987 1778 1062 venisset,

76 1082 129 1143 per
153 1064 366 1141 Augustinum
395 1062 528 1125 feliciter
564 1064 604 1124 ad
642 1061 791 1125 Ecclesiae
816 1062 1071 1125 communionem
1100 1065 1248 1124 reductus
1276 1069 1333 1138 est,
1363 1081 1447 1124 nova
1474 1064 1638 1127 catholicae
1664 1069 1780 1128 verita-

75 1144 113 1204 tis
140 1149 263 1223 tropaea
291 1144 506 1223 suppeditant,
523 1143 634 1205 eodem
663 1143 839 1221 Augustino
868 1143 947 1204 duce
976 1146 1147 1222 reportata.
1172 1142 1264 1203 Liber
1290 1143 1329 1204 de
1356 1145 1474 1205 Natura
1502 1144 1782 1210 boniersecranda

97 1224 288 1284 uorumdam
314 1222 400 1285 illius
427 1230 520 1285 sectae
549 1222 726 1297 hominum,
760 1244 775 1281 r
802 1242 866 1285 non
893 1228 1016 1284 tantum
1046 1222 1077 1283 in
1107 1222 1337 1303 Paphlagonia,
1371 1225 1426 1285 sed
1454 1224 1549 1285 etiam
1577 1223 1610 1286 in
1638 1226 1738 1289 Gallia
1759 1250 1776 1285 u

73 1242 254 1381 degentium
284 1302 375 1386 (Cup.
404 1306 468 1383 tt),
496 1303 638 1365 facinora
665 1302 801 1382 detegit;
831 1302 990 1383 habetque
1019 1321 1077 1382 pro
1101 1309 1289 1382 argumento
1317 1308 1351 1364 ut
1379 1306 1537 1378 ostendat,
1567 1311 1713 1367 naturam
1733 1308 1779 1368 in-

72 1384 332 1445 commutabilem
360 1386 459 1445 Deum
483 1401 550 1445 esse
578 1401 787 1445 acsummum
804 1383 932 1458 bonum,
963 1389 1057 1462 atque
1086 1383 1126 1445 ab
1154 1384 1209 1444 illo
1237 1402 1303 1446 esse
1334 1390 1464 1446 ceteras
1493 1390 1634 1458 naturas,
1663 1403 1780 1466 easque

69 1463 273 1544 inquantum
303 1470 427 1527 nuturae
453 1462 666 1538 suntbonas;
696 1469 761 1524 tum
792 1464 868 1557 quid
899 1463 949 1525 vel
976 1464 1059 1525 undo
1089 1465 1130 1525 sit
1152 1464 1281 1538 malum,
1306 1469 1336 1524 et
1367 1464 1586 1544 quantamala
1613 1464 1780 1529 blanichael

67 1551 194 1623 ponant
221 1546 252 1605 in
281 1552 397 1605 natura
428 1543 513 1619 boni,
545 1550 665 1624 quanta
693 1543 778 1605 bona
806 1563 838 1603 m
863 1550 978 1606 natura
1006 1543 1092 1617 mali,
1122 1562 1201 1623 quas
1229 1550 1359 1605 naturas
1387 1544 1478 1607 llnxit
1504 1563 1593 1607 error
1619 1546 1776 1626 ipsorum.

67 1626 211 1703 lienique
227 1632 408 1705 postremus
436 1624 515 1685 liber
541 1634 652 1686 contra
680 1624 908 1698 Secundinum,
938 1624 1090 1703 dogmata
1121 1623 1392 1703 perniciosissimae
1415 1625 1543 1687 haeresis
1557 1626 1681 1706 penitus
1695 1646 1781 1689 ever

66 1706 112 1777 tit,
144 1706 292 1784 adeoque
320 1723 378 1767 suo
392 1705 514 1766 auctori
531 1705 660 1786 placuit,
679 1711 712 1766 ut
727 1723 795 1785 ejus
809 1704 977 1783 sententia,
993 1703 1140 1766 omnibus
1154 1724 1226 1785 quas
1241 1706 1391 1767 adversus
1405 1706 1493 1768 illam
1507 1712 1630 1787 pestem
1645 1708 1780 1789 scripse·

63 1794 124 1857 rat,
143 1786 238 1847 lacile
254 1793 505 1867 preponeretur.

103 1886 148 1943 lte
165 1882 283 1944 horum
297 1883 438 1944 omnium
462 1882 651 1962 scriptorum
671 1881 824 1961 dignitate
847 1882 967 1961 siquis
987 1881 1142 1961 judicium
1168 1882 1249 1945 lerre
1270 1882 1356 1957 velit,
1383 1902 1421 1946 ea
1443 1884 1588 1946 conferat
1611 1902 1683 1946 cum
1708 1883 1779 1948 aliis

64 1962 202 2023 aliorum
218 1971 386 2024 auctorum
401 1963 441 2025 do
468 1964 580 2024 eodem
604 1968 792 2041 argumento
821 1962 1105 2036 lucubrationibus,
1137 1964 1246 2042 quales
1273 1970 1346 2026 sunt
1374 1965 1457 2026 inter
1481 1966 1605 2027 Graecos
1620 1966 1775 2045 Serapion

63 2045 228 2105 'thmueos
240 2045 369 2123 AEgypti
387 2044 471 2103 urbis
485 2043 665 2123 episcopus,
684 2043 770 2123 uqui
783 2042 825 2104 ob
848 2044 1038 2122 elegantiam
1063 2042 1182 2122 ingenii
1207 2061 1382 2123 cognomen
1407 2045 1594 2107 Scholastici
1617 2046 1742 2114 meruit,
1758 2068 1775 2103 u

63 2124 106 2184 ait
123 2124 338 2201 Hieronymus
354 2122 421 2185 1Ᾰὸ.
438 2123 474 2184 de
502 2122 709 2217 Scrsptoribus
736 2123 972 2204 ecclesiasticis),
999 2130 1031 2185 et
1055 2124 1206 2203 Dydimus
1229 2124 1470 2199 Alexandrinus,
1495 2126 1584 2188 Titus
1607 2125 1775 2206 episcopus

63 2204 249 2278 Bostrenos,
279 2209 309 2265 et
337 2204 508 2266 Zacharias
533 2222 699 2284 episcopus
726 2203 966 2282 Mytilenensis3
1010 2204 1095 2264 inter
1129 2204 1256 2266 Latinos
1292 2204 1469 2267 Victorinus
1510 2206 1607 2268 Aler:
1637 2225 1676 2267 ex
1703 2206 1776 2300 qni·

62 2282 122 2344 bus
150 2284 205 2345 hic
239 2302 259 2344 a
286 2284 456 2346 sirmondo
488 2284 591 2346 editus
618 2284 701 2346 inter
728 2284 881 2364 opuscula
908 2284 1090 2363 dogmatica
1117 2292 1257 2346 veterum
1286 2285 1426 2366 quinque
1453 2287 1653 2366 scriptorum,
1683 2286 1730 2349 illr
1757 2305 1776 2350 a

62 2364 189 2427 Canisio
205 2368 284 2425 tom.
299 2367 318 2425 5
333 2366 434 2443 antiq.
452 2364 526 2425 lect.

102 2462 153 2521 Ad
166 2460 232 2521 alia
247 2462 326 2521 tomi
337 2460 432 2539 hujus
445 2461 563 2540 scripta
585 2460 671 2538 quod
685 2460 809 2533 attinet,
825 2480 906 2522 unus
922 2462 1021 2523 codex
1036 2462 1091 2540 qui
1106 2462 1171 2522 sive
1187 2481 1273 2535 casu,
1289 2480 1343 2523 seu
1359 2462 1464 2523 dedita
1480 2481 1587 2542 opera,
1609 2463 1640 2524 in
1666 2464 1774 2541 platea

64 2541 228 2601 maritima
241 2542 483 2621 Carthaginensi
499 2542 617 2601 venalis
632 2542 793 2619 expositus
808 2548 886 2610 erut,
918 2544 1082 2620 cujusdam
1112 2542 1251 2603 haeretici
1275 2544 1425 2621 anonymi
1449 2543 1565 2604 librum
1594 2546 1772 2617 continens,

65 2622 235 2682 materiam
252 2622 388 2701 praebuit
402 2621 527 2682 duobus
542 2620 629 2681 libris
650 2628 762 2681 contra
784 2621 1000 2682 adversarium
1027 2623 1116 2701 Legis
1130 2630 1161 2683 ct
1175 2622 1407 2703 Prophetarum
1420 2640 1428 2696 ;
1444 2623 1476 2684 in
1492 2642 1555 2703 quo
1570 2624 1777 2686 Cassiodorus

65 2712 196 2763 senator
211 2702 321 2763 scribit
337 2701 436 2763 multa
451 2702 489 2764 de
505 2702 596 2781 Legis
610 2700 725 2761 divium
743 2702 971 2779 quaestionibus
986 2702 1126 2763 enodari.

105 2800 237 2860 bibrum
266 2806 377 2859 contra
403 2798 657 2860 Priscillianistas
685 2799 923 2877 etOrigenistas
949 2800 1059 2861 Orosio
1088 2805 1252 2877 acceptum
1281 2800 1397 2861 referre
1425 2800 1589 2863 debemus.
1618 2802 1652 2861 ln
1681 2798 1776 2879 hujus

66 2880 301 2939 consultatione
329 2880 410 2940 libro
440 2880 571 2958 praellxa
600 2876 784 2956 ambiguam
814 2880 985 2958 quamdam
1014 2879 1053 2939 de
1079 2898 1163 2940 anno
1192 2880 1353 2940 recondito
1382 2880 1559 2952 lectionem,
1590 2898 1774 3020 ‹pucenego-

69 2960 146 3019 tium
188 2958 367 3039 legentibus
408 2958 592 3031 lacessebat,
631 2957 725 3018 unius
764 2958 880 3019 codicis
920 2977 981 3039 ope
1023 2959 1225 3019 restituimus.
1271 2962 1349 3019 Nam
1390 2976 1462 3020 cum
1485 2966 1577 3021 antea
1617 2968 1773 3039 ageretur,

68 3062 82 3093 ι
113 3040 216 3100 'l'erra
237 3039 292 3100 iila
296 3084 356 3100 .....
386 3039 413 3099 si
440 3040 582 3101 eamdem
611 3055 694 3098 anno
723 3037 776 3098 illo
806 3038 967 3100 recondito
995 3040 1080 3117 apud
1105 3045 1135 3099 te
1160 3038 1339 3100 mandando
1357 3056 1364 3112 ;
1381 3060 1395 3097 s
1414 3039 1458 3101 ita
1472 3040 1624 3118 scriptum
1641 3040 1776 3102 habetur

69 3118 99 3178 in
130 3119 230 3179 veteri
266 3119 452 3199 exemplari,
484 3142 500 3176 u
529 3119 555 3179 si
583 3136 652 3179 eam
679 3117 719 3177 de
744 3136 860 3179 manna
882 3118 938 3181 illo
965 3119 1128 3180 recondito
1156 3125 1191 3180 tu
1217 3120 1771 3199 apudmemandandootreplendo

70 3198 258 3261 visitaveris.
286 3224 302 3254 u
333 3202 410 3272 011ae
438 3199 536 3260 verba
564 3198 604 3259 ab
628 3197 738 3260 Oresio
766 3199 946 3278 diriguntur
972 3199 1013 3259 ad
1041 3200 1264 3277 Augustinum,
1290 3198 1329 3260 de
1357 3218 1420 3277 qno
1448 3200 1479 3260 in
1508 3200 1775 3279 consequentibns

70 3280 120 3339 ait.
154 3297 189 3341 se
216 3286 247 3340 et
274 3280 427 3357 plurimos
454 3297 572 3349 secum,
604 3284 638 3339 ut
664 3277 828 3357 Augustini
863 3279 1060 3357 coloquium
1091 3282 1418 3358 velutrossupereos
1446 3280 1645 3342 descendat»
1664 3297 1775 3360 exspe-

68 3364 165 3419 ctare.
195 3359 243 3420 Ad
273 3362 341 3421 lraec
368 3366 474 3421 autem
502 3358 606 3452 elogia
633 3356 805 3436 ingenitam
829 3358 888 3419 sihi
916 3360 1101 3420 modestiam
1130 3359 1245 3436 obiecit
1257 3360 1461 3438 Augustinus,
1491 3379 1563 3422 cum
1579 3362 1618 3421 de
1631 3360 1775 3423 obscuris

69 3440 261 3519 quibusdam
294 3440 521 3518 quaestionibus
557 3443 780 3517 iuterrogatus,
817 3438 920 3517 qualis
956 3446 1003 3501 est
1035 3440 1092 3500 illa
1125 3440 1164 3500 de
1192 3439 1385 3517 Angelorum
1414 3440 1626 3515 distinctione,
1654 3441 1695 3503 ab
1722 3440 1773 3502 his

68 3520 228 3581 solvendis
241 3538 275 3582 se
288 3527 430 3593 excusat,
445 3518 655 3599 ignorantiam
669 3518 804 3595 ingenue
820 3520 979 3598 professus
992 3519 1041 3579 his
1055 3519 1157 3580 verbis
1174 3536 1182 3579 ι
1200 3543 1216 3575 u
1231 3520 1303 3589 Sed,
1322 3538 1386 3600 quo
1402 3539 1451 3581 me
1466 3528 1660 3596 contemnas,
1678 3538 1773 3601 quem

66 3618 220 3741 ppagnp'm
251 3605 342 3677 putas
359 3619 437 3757 >esse
450 3601 623 3673 ductorem,
641 3617 787 3679 quaenam
803 3598 862 3660 ista
876 3600 946 3661 sint.
966 3600 1087 3679 etquid
1103 3600 1184 3661 inter
1199 3599 1399 3675 sedill'erant,
1416 3602 1521 3663 nescio
1536 3624 1552 3659 s
1569 3601 1650 3682 (Lib.
1667 3610 1773 3664 contro

96 3682 167 3741 ruci
194 3698 287 3762 .cup.
306 3684 354 3741 ll.

105 3778 250 3859 Denique
278 3784 438 3857 postrema
465 3776 596 3858 hujusce
620 3776 697 3837 tomi
723 3777 876 3856 opuscula
898 3778 1049 3839 adversus
1071 3777 1205 3838 Arianos
1229 3784 1359 3839 exarata
1374 3784 1457 3839 sunt.
1475 3780 1511 3840 lit
1526 3777 1652 3859 quidem
1670 3778 1774 3860 primo

66 3858 136 3920 loco
169 3859 252 3921 liber
272 3866 383 3921 contra
410 3861 593 3921 Sermonem
621 3858 821 3929 Arianorum,
852 3858 907 3936 qui
935 3859 1041 3937 plures
1063 3876 1157 3935 quam
1187 3858 1318 3935 triginta
1340 3876 1481 3920 errorum
1511 3858 1775 3921 articulosconti·

67 3940 176 4015 nebat,
206 3938 245 3999 dc
274 3940 370 4001 verbo
398 3939 579 4001 summatim
608 3938 774 3999 refutatur.
801 3942 882 3999 'l'um
916 3938 1118 4016 subsequitur
1142 3938 1347 3999 Collatiusub
1363 3939 1457 3999 linem
1473 3939 1776 4002 vitoeasanctollc·

66 4026 153 4079 ctorc
181 4019 292 4081 habits
321 4038 392 4081 cum
423 4019 592 4081 blarimino
623 4018 782 4097 episcopo,
815 4036 885 4097 quaa
914 4037 975 4079 non
1007 4018 1111 4079 minus
1138 4017 1285 4079 Ecclesia
1307 4018 1477 4081 Catholicae
1505 4020 1645 4099 gloriosa
1679 4025 1776 4099 atque

67 4099 459 4162 arianaehaeresiexitiose
481 4100 551 4174 luit,
580 4116 676 4178 quam
704 4098 767 4159 alia
795 4117 857 4159 non
886 4099 995 4178 paucis
1024 4106 1096 4159 ante
1125 4098 1216 4159 annis
1246 4116 1317 4160 cum
1348 4100 1510 4161 Pascentio
1540 4100 1653 4161 comite
1679 4100 1768 4161 inita.

69 4182 157 4241 lianc
172 4181 300 4241 demum
318 4198 390 4242 cum
407 4180 576 4242 Maximino
590 4178 796 4241 collationem
813 4178 970 4240 subsecuti
985 4185 1059 4239 sunt
1073 4178 1143 4238 libri
1158 4179 1423 4240 contraeumdem
1434 4180 1576 4242 arianum
1588 4180 1771 4261 episcopum

67 4260 141 4335 duo,
159 4261 414 4354 meritouquidem
416 4279 497 4402 1pure
512 4260 553 4323 ab
569 4259 734 4339 Agathone
750 4277 833 4339 papa
846 4260 878 4320 in
893 4266 981 4321 sexto
992 4260 1130 4321 Concilio
1144 4258 1282 4338 generali
1298 4277 1369 4320 cum
1384 4259 1624 4341 prestantissimi
1637 4260 1770 4322 hectoris

69 4342 346 4403 commendatione
360 4343 412 4403 lau
438 4349 492 4403 atr.

106 4438 161 4499 llis
188 4439 362 4501 succedunt
389 4438 461 4500 libri
486 4438 525 4499 de
552 4436 716 4510 Trinitate,
746 4456 837 4516 quos,
860 4455 931 4498 cum
959 4437 992 4498 in
1021 4442 1107 4497 tomo
1129 4436 1222 4497 tertio
1250 4435 1385 4497 antehac
1412 4436 1516 4499 locum
1547 4438 1715 4511 tenuerint,
1736 4438 1769 4499 in

68 4518 154 4580 hunc
182 4518 288 4579 locum
316 4520 459 4581 consulto
487 4518 665 4598 rejecimus,
696 4517 737 4579 ob
766 4536 914 4597 magnam
943 4536 1012 4579 cum
1031 4516 1187 4597 praedictis
1202 4517 1360 4596 opusculis
1374 4518 1557 4580 allinitatem
1576 4539 1583 4581 :
1601 4525 1769 4598 propterca

87 4600 153 4661 ned
176 4600 212 4660 in
239 4600 289 4660 his
321 4601 360 4661 de
387 4600 538 4662 Trinitate
566 4598 654 4659 libris
684 4596 872 4659 Arianorum
897 4598 1011 4677 passim
1041 4603 1228 4675 argumenta
1256 4596 1451 4658 refelluntur.
1477 4600 1631 4660 Caeterum
1646 4596 1771 4660 Erasmi

67 4620 105 4741 de
134 4680 196 4741 hoc
224 4683 351 4760 egregio
380 4699 475 4762 opere
508 4698 640 4742 censura
671 4678 747 4739 satis
773 4678 888 4757 arguit,
919 4696 992 4740 cum
1022 4678 1145 4738 nonnisi
1176 4678 1286 4738 leviter
1312 4676 1344 4737 in
1358 4680 1539 4741 eorumdem
1556 4679 1709 4741 librorum
1723 4679 1768 4740 le-

70 4762 172 4821 ctiune
202 4759 299 4821 luisse
328 4767 498 4823 versatum.
527 4762 596 4822 Non
624 4760 832 4821 immoramur
860 4760 1059 4821 confutandae
1088 4757 1223 4818 hominis
1249 4757 1403 4851 praecipiti
1417 4760 1591 4832 sententies,
1607 4760 1668 4821 rati
1682 4758 1770 4821 suill-

69 4860 139 4901 cere
169 4840 305 4902 antidoti
338 4842 408 4904 loco
437 4840 613 4904 Gauiouori
638 4840 803 4919 judicium,
834 4840 888 4917 qui
916 4840 955 4900 de
983 4840 1032 4900 his
1061 4839 1148 4899 libris
1176 4838 1221 4899 ita
1249 4846 1370 4899 censuit
1385 4839 1416 4899 in
1433 4839 1770 4915 librolnslitutionum,

69 4939 140 5001 cap.
173 4923 236 4982 15:
269 4948 285 4981 u
314 4924 346 4985 S.
376 4922 542 5002 Augustini
571 4920 750 4999 quindecim
779 4919 864 4992 libri,
895 4938 975 5013 qnos
1003 4919 1042 4979 de
1069 4925 1179 4980 sancta
1206 4918 1359 4980 'l'rinitate
1387 4919 1523 4982 mirabili
1552 4921 1773 5001 prolunditate

70 5001 269 5080 conscripsit,
286 5002 409 5065 curiosa
438 5002 526 5065 vobis
553 5000 726 5062 intentione
741 5000 911 5062 meditandi
941 5006 1024 5060 sunt.
1042 5022 1057 5055 »
1087 4998 1280 5078 Augustinus
1308 4999 1438 5078 quidem
1467 5001 1620 5076 modeste,
1643 5018 1772 5082 prosuc

70 5100 170 5155 more,
198 5082 239 5142 de
265 5085 327 5144 hoc
354 5102 450 5163 opere
477 5082 628 5161 loquitur,
643 5080 751 5159 aitque
764 5080 796 5141 id
812 5080 992 5159 argumenti
1010 5099 1029 5140 a
1044 5098 1077 5141 se
1092 5098 1154 5140 non
1170 5080 1238 5139 lore
1253 5080 1464 5155 tractandum,
1482 5083 1507 5143 si
1521 5100 1697 5161 grecorum
1712 5082 1773 5142 Pa·

71 5170 154 5223 trum
169 5178 269 5241 opera
296 5163 356 5225 hac
383 5163 422 5226 de
449 5182 484 5224 re
498 5161 679 5241 conscripta
707 5162 739 5222 in
768 5161 902 5222 latinum
931 5160 1091 5240 eloquium
1120 5160 1274 5222 translata
1301 5159 1443 5235 luissent,
1468 5169 1523 5224 aut
1551 5163 1670 5242 siquis
1692 5159 1774 5221 alius

70 5242 275 5305 difficultates
302 5244 361 5304 sibi
390 5262 448 5325 pro
471 5244 567 5305 usilas
594 5241 714 5303 solvere
743 5246 774 5302 et
800 5241 957 5303 illustrare
972 5240 1132 5302 voluisset.
1157 5245 1198 5300 At
1211 5238 1289 5300 nihil
1304 5238 1342 5301 de
1357 5240 1489 5320 hujusce
1503 5244 1607 5322 operis
1620 5240 1774 5320 dignitate

71 5320 239 5385 detrahere
262 5324 356 5387 debet
385 5343 436 5386 mo
459 5329 525 5385 esta
550 5323 580 5383 id
596 5340 696 5401 genus
711 5322 848 5383 auctoris
877 5322 1039 5402 professio.
1071 5322 1109 5382 ht
1137 5327 1220 5380 certe
1247 5319 1365 5398 quires
1381 5322 1635 5402 theologicashis
1650 5327 1772 5413 tempo·

70 5404 156 5465 ribus
183 5406 363 5466 accuratius
389 5405 629 5484 investigarunt,
658 5403 796 5463 latentur
821 5403 979 5463 neminem
1008 5408 1082 5462 ante
1108 5399 1318 5479 Augustinnm
1333 5402 1408 5463 sutis
1434 5405 1606 5483 explicasse
1631 5400 1774 5462 invisibi-

70 5484 189 5545 litatem
221 5486 291 5546 Filii
319 5486 375 5546 Dei
402 5493 513 5547 contra
539 5484 683 5555 Arianos,
712 5500 769 5543 nec
798 5481 939 5559 objectas
960 5483 999 5545 ab
1016 5483 1059 5543 eis
1074 5480 1297 5541 difficultatum
1313 5483 1442 5544 umbras
1467 5489 1554 5544 tanto
1569 5499 1640 5543 cum
1656 5481 1776 5543 lumine

72 5563 369 5705 dispulissertlnde
397 5567 513 5629 Graecis
540 5564 586 5627 itu
612 5562 799 5627 admirabile
822 5560 924 5625 'visum
952 5569 1000 5626 est
1026 5563 1112 5625 istud
1140 5580 1230 5642 opus,
1258 5561 1384 5624 utillud
1398 5582 1463 5625 succ
1478 5563 1580 5642 gentis
1595 5560 1776 5624 hominibus

72 5645 234 5725 proprium
261 5646 393 5708 ecerint.

108 5746 259 5823 Superest
275 5744 432 5823 agendum
448 5746 488 5807 de
503 5750 525 5807 A
531 5742 695 5823 ppendice,
714 5742 745 5802 in
760 5760 825 5821 qua
839 5743 1041 5804 continentur
1055 5746 1209 5803 tractatus
1223 5744 1333 5801 contra
1347 5740 1486 5820 quinque
1501 5744 1651 5814 liaerescs,
1667 5744 1778 5803 contra

73 5820 207 5896 ludaeos,
240 5824 401 5905 Paganos,
438 5832 471 5887 et
504 5825 651 5897 Arianos,
690 5823 729 5883 de
762 5823 839 5883 Fide
876 5830 988 5885 contra
1018 5821 1220 5891 blanicheeos,
1249 5820 1287 5879 de
1317 5821 1442 5884 Unilste
1476 5823 1639 5887 'trinitatis
1666 5826 1778 5883 contra

74 5902 266 5967 leticianum
281 5904 439 5980 arianum,
455 5905 510 5987 qui
523 5922 634 5967 omnes
648 5902 681 5965 in
703 5901 893 5965 editionibus
911 5902 1114 5966 lovaniensis
1138 5898 1360 5978 recognitionis
1385 5904 1559 5985 Augustino
1587 5899 1698 5963 tributi
1713 5902 1778 5961 luc

76 5990 160 6051 nnc:
176 5984 236 6049 ssd
249 6000 348 6067 quam
362 6002 529 6071 perperam
544 5984 703 6063 evincent,
718 5986 754 6047 ut
766 5982 934 6065 credimus,
948 5980 1201 6061 Admonitiones,
1217 5996 1296 6062 quas
1310 5980 1442 6065 singulis
1463 5982 1649 6049 tractatibus
1670 5978 1779 6067 prselt3
