3908 6128
148 289 209 350 909
708 284 760 349 DE
780 285 1005 362 ‘l’ithlTATlt‚
1029 285 1291 352 summittit
1777 286 1853 350 1000

146 417 304 476 voluntatis
318 422 479 492 opportere,
496 422 679 492 prosternere
694 422 740 476 est
754 419 898 475 animum.
914 417 970 474 Sed
1025 420 1057 475 io
1071 436 1155 475 cunae
1169 436 1227 475 asc
1242 418 1321 492 (Gen.
1337 435 1369 489 11,
1389 417 1456 492 tlt5
1480 417 1526 475 sid
1551 418 1587 475 de
1602 416 1650 475 bis
1675 415 1735 474 dici
1751 417 1851 491 possit,

146 507 223 565 siout
236 523 342 579 corpus
358 508 393 563 ad
409 525 443 564 ea
459 513 608 581 quaeunt
632 508 746 565 excelsa
760 524 925 580 corporum,
941 507 971 563 id
1027 507 1089 564 Duo
1105 508 1134 563 in
1151 513 1248 565 mente
1268 525 1338 565 una.

146 601 200 668 est,
213 597 248 652 ad
260 596 387 653 calestia
398 596 571 653 naturaliter
580 602 709 654 erectum
720 602 765 654 est
775 623 782 666 3
792 596 969 664 sicanimus,
1062 598 1178 656 CAPUT
1196 601 1242 655 lV.
1258 630 1293 640 -
1308 599 1333 655 t.
1353 600 1473 655 Trinitas
1486 602 1515 655 et
1528 600 1619 670 imcqo
1636 599 1690 654 Dei
1704 599 1736 653 in
1750 612 1784 654 sc
1797 598 1852 654 sols

146 685 195 758 qui
216 685 383 742 substantia
398 685 560 758 spiritualis
575 691 629 751 est,
651 687 687 743 ad
712 703 746 743 ea
767 703 831 758 que
856 684 969 742 suntin
1025 690 1209 758 parlamentis
1219 704 1279 760 qua
1287 688 1728 760 pertinctadcontemptctioncm
1739 691 1850 743 atemo-

145 773 349 847 spiritualibus
376 775 488 831 excelsa
513 776 670 847 erigendus
694 780 749 842 est,
772 791 831 831 nou
846 774 970 831 elatione
1026 774 1848 849 ram.cumigiturdisserimusdenaturamantishums·

145 862 299 936 superbiae,
316 864 365 920 sed
388 865 493 936 pietate
504 865 640 936 justitias.
1024 881 1079 937 ne,
1091 866 1126 921 de
1141 881 1200 921 uus
1214 865 1342 937 quadam
1356 880 1387 920 re
1402 865 1587 935 disserimus,
1603 880 1657 921 nec
1670 880 1738 921 eam
1751 863 1782 919 iu
1794 864 1848 921 bec

180 951 296 1009 CAPUT
308 953 342 1008 ll.
355 953 562 1010 -2.AEtcmcs
588 954 709 1009 rationes
731 955 763 1010 isa
783 951 970 1026 corporalibus
1024 954 1082 1010 duo
1093 970 1156 1026 quae
1167 953 1473 1019 commemorantnisi
1484 970 1535 1027 per
1545 954 1642 1011 officia
1652 953 1846 1025 geminamus.

143 1045 222 1101 tomo
229 1044 304 1101 soleas
312 1045 500 1101 animantiam
508 1047 635 1117 percipit.
646 1047 773 1101 Possunt
780 1049 877 1100 autem
885 1047 915 1099 et
921 1058 969 1116 ps·
1024 1041 1125 1115 ltaque
1135 1059 1202 1098 oum
1212 1043 1243 1098 in
1253 1059 1288 1099 ea
1298 1041 1456 1114 querimus
1466 1041 1641 1109 trinitatem,
1656 1042 1761 1099 intuta
1776 1058 1847 1114 que·

144 1137 249 1190 ooraet
261 1134 370 1189 sentire
381 1149 432 1205 per
442 1132 572 1205 corporis
587 1150 694 1190 seusus
709 1132 889 1189 extrinsecus
904 1147 967 1188 cor·
1023 1130 1128 1199 rimus,
1144 1149 1202 1189 uon
1217 1136 1387 1205 separantes
1395 1130 1541 1188 actionem
1552 1130 1727 1188 rationalem
1739 1131 1769 1187 iu
1780 1134 1845 1188 tem·

143 1220 265 1294 poralia,
280 1225 309 1277 et
319 1237 353 1276 ea
368 1221 514 1277 memorias
530 1220 587 1277 lixa
602 1221 759 1291 reminisci,
777 1224 863 1292 atque
880 1220 910 1275 in
925 1219 968 1276 eis
1023 1220 1172 1292 poralibus
1187 1237 1204 1276 a
1219 1219 1464 1294 contemplatione
1478 1224 1666 1288 aeternorum,
1682 1224 1717 1276 ut
1728 1220 1844 1277 tertium

143 1314 280 1382 appetere
291 1310 497 1375 conducibilia,
509 1312 607 1382 lugere
619 1310 817 1366 incommoda:
827 1324 926 1364 verum
934 1323 968 1365 ea
1022 1308 1441 1382 aliquidJamquaeramusquo
1449 1308 1565 1366 trinitas
1574 1308 1745 1381 impleatur.
1756 1310 1843 1366 Sedin

143 1403 254 1464 notare,
268 1415 301 1454 ac
310 1414 367 1454 uon
379 1397 474 1454 solum
487 1399 660 1454 naturaliter
670 1403 762 1472 rapta,
775 1397 824 1454 sed
834 1398 922 1454 etiam
931 1397 967 1455 de
1021 1402 1082 1456 tota
1091 1405 1196 1456 natura
1206 1399 1313 1455 mentis
1323 1399 1353 1455 iu
1363 1398 1526 1455 trinitatem
1536 1397 1658 1470 reperiri
1665 1414 1743 1469 opus
1752 1402 1842 1465 estut

142 1484 288 1543 industria
299 1486 446 1542 memorias
457 1487 804 1552 commendatsretinere,
815 1491 844 1542 et
855 1484 966 1542 inobli-
1021 1488 1046 1543 si
1063 1487 1138 1544 desit
1152 1488 1227 1545 actio
1248 1487 1467 1560 temporalium,
1488 1487 1535 1543 oui
1550 1485 1631 1558 operi
1646 1486 1838 1543 necessarium

141 1575 257 1631 aionem
266 1576 448 1646 jamjamque
459 1574 588 1631 labentia
598 1575 777 1630 recordando
787 1579 875 1645 atque
887 1572 965 1646 cogi·
1020 1577 1059 1633 sit
1074 1576 1264 1648 adjutorium,
1280 1577 1490 1649 propterquod
1506 1575 1541 1632 ad
1559 1579 1621 1632 bec
1645 1575 1839 1632 iuferioraad·

141 1664 231 1719 taudo
247 1681 351 1719 rursus
366 1663 553 1735 imprimere;
570 1670 603 1719 ut
617 1663 865 1736 quemadmodum
882 1679 917 1718 ex
931 1677 964 1719 eo
1020 1665 1217 1722 ministranda
1232 1665 1380 1722 derivetur
1393 1663 1504 1736 aliquid
1520 1663 1639 1731 mantis,
1655 1663 1686 1719 iu
1703 1680 1763 1720 uus
1777 1680 1839 1721 nus·

142 1753 219 1824 quod
236 1752 310 1824 gerit
327 1753 468 1809 memoria
489 1753 624 1825 cogitatio
640 1753 793 1821 formatur,
810 1753 852 1807 sic
867 1755 895 1806 et
910 1750 964 1808 hoo
1019 1770 1107 1827 quam
1122 1753 1275 1826 dispertita
1290 1757 1388 1809 mente
1402 1752 1518 1810 trinitas
1533 1752 1701 1810 inveniatur
1711 1769 1718 1808 :
1730 1757 1759 1809 et
1769 1753 1837 1811 facts

141 1841 240 1913 ipsum
252 1842 329 1912 quod
341 1843 370 1897 in
383 1842 523 1898 momoria
532 1847 577 1897 est
587 1841 763 1914 cogitatione
774 1842 919 1897 firmetur:
932 1840 965 1895 ll·
1013 1843 1077 1914 jam
1089 1843 1145 1899 ista
1155 1841 1370 1914 distributione,
1381 1842 1411 1898 in
1420 1840 1654 1915 eosoloquodad
1663 1841 1837 1915 oontempla·

141 1935 203 1986 ctas
213 1931 300 1986 etiam
312 1929 447 1997 visiones,
460 1928 528 1985 hino
539 1934 626 2002 atque
636 1930 704 1985 inde
716 1930 866 1986 recordata
881 1943 963 2000 quae·
1017 1931 1127 1988 tionem
1140 1932 1265 2004 pertinet
1273 1935 1461 2001 eternorum,
1473 1947 1530 1987 uon
1541 1929 1638 1987 solum
1648 1930 1779 2001 trinitas,
1791 1930 1837 1988 sed

138 2016 209 2074 libet
221 2018 363 2074 sumendo
377 2022 405 2073 et
415 2017 499 2089 quasi
509 2019 665 2087 assuendo,
675 2033 859 2089 componere,
869 2015 962 2090 inspi·
1016 2022 1104 2077 etiam
1117 2021 1214 2093 imago
1225 2019 1272 2077 liei
1285 2038 1292 2088 ;
1305 2020 1333 2076 in
1346 2020 1401 2077 hoo
1413 2023 1511 2076 summ
1523 2021 1601 2092 quod
1619 2018 1783 2075 derivatum
1798 2024 1838 2077 est

137 2121 211 2173 cere,
224 2106 474 2179 quemadmodum
488 2105 516 2159 in
530 2104 585 2160 hoc
597 2121 693 2161 rerum
706 2121 883 2177 genereque
891 2103 962 2160 veri·
1015 2109 1045 2166 iu
1056 2109 1170 2167 actione
1180 2109 1397 2180 temporalium,
1409 2107 1524 2166 etiamsi
1533 2106 1651 2165 trinitas
1661 2107 1766 2180 possit,
1784 2125 1837 2165 nou

137 2193 245 2249 similia
256 2195 537 2250 euntdiscernsntur
547 2212 564 2249 a
575 2193 661 2263 veris,
672 2211 728 2249 non
745 2192 959 2266 spiritualibus,
1015 2202 1113 2254 tamen
1129 2198 1226 2269 imago
1238 2197 1289 2253 Dei
1304 2197 1399 2269 possit
1417 2197 1554 2254 inveniri.

136 2281 960 2355 ssdipsiscorporalibusihaecatquebujusmodiquamvis
1049 2285 1166 2343 CAPUT
1180 2285 1214 2341 V.
1229 2317 1264 2327 -
1278 2287 1305 2342 5.
1323 2285 1421 2357 Opinio
1435 2286 1705 2358 finqcoss'mcqinem
1720 2284 1835 2342 Trinits

136 2370 166 2427 in
182 2369 383 2441 sensibilibus,
400 2373 488 2441 atque
503 2370 533 2425 iu
549 2370 591 2424 eis
612 2386 676 2441 quae
692 2370 759 2426 inde
774 2369 892 2426 animus
907 2385 959 2442 per
1012 2376 1234 2445 tisiaconjupic
1253 2375 1374 2431 masculi
1391 2378 1417 2432 ct
1443 2376 1558 2448 semisse
1584 2391 1618 2431 cc
1641 2390 1738 2431 eoram
1750 2375 1834 2447 prote.

136 2458 394 2531 sensumoorporis
404 2459 492 2514 traxit
502 2463 890 2531 aganturatquevereentur,
900 2474 958 2514 non
1012 2463 1135 2520 Proinde
1149 2481 1207 2520 non
1223 2463 1293 2519 mibi
1310 2463 1446 2520 videntur
1460 2462 1641 2536 probabilem
1656 2463 1762 2520 afferre
1772 2479 1833 2520 sen·

135 2552 206 2605 suut
217 2553 315 2605 tamen
327 2547 448 2604 rationis
458 2548 595 2619 expertia,
607 2564 659 2604 uec
670 2547 840 2604 homiuibus
851 2546 959 2620 pecori·
1010 2553 1144 2622 tentiam,
1156 2553 1206 2624 qni
1218 2553 1260 2608 sio
1271 2552 1451 2609 arbitrantur
1459 2553 1619 2608 trinitatem
1631 2551 1774 2623 imaginis
1784 2551 1833 2608 Dei

135 2637 251 2709 busque
261 2637 439 2693 communia.
452 2636 508 2693 Sed
527 2637 708 2693 sublimioris
719 2636 840 2693 rationis
850 2640 895 2693 est
907 2638 957 2708 ju·
1009 2641 1040 2698 in
1050 2643 1146 2699 tribus
1162 2642 1305 2714 personis,
1321 2641 1399 2715 quod
1414 2641 1517 2698 attinet
1526 2642 1563 2698 ad
1573 2641 1739 2697 humanam
1748 2648 1831 2698 natu·

135 2726 232 2783 dicare
245 2727 280 2781 de
295 2726 360 2782 istis
374 2724 576 2799 corporalibus
591 2726 753 2782 secuudum
769 2725 896 2782 rationes
911 2725 957 2783 iu·
1009 2747 1084 2798 ram,
1097 2747 1183 2804 posse
1194 2730 1323 2803 reperiri,
1333 2733 1366 2785 ut
1376 2730 1405 2785 in
1421 2730 1556 2802 conjugio
1572 2729 1697 2787 masculi
1708 2733 1739 2786 et
1749 2729 1829 2786 lemi-

135 2814 299 2888 corporales
314 2818 343 2871 et
354 2814 566 2887 sempiternas:
583 2830 646 2884 quae
657 2813 713 2870 nisi
725 2831 815 2887 supra
827 2819 956 2871 mentem
1009 2838 1052 2877 nas
1067 2825 1156 2893 atque
1171 2821 1200 2876 in
1215 2835 1316 2876 eorum
1340 2817 1421 2891 prola
1433 2817 1633 2891 compleatur:
1651 2818 1732 2892 quod
1747 2818 1829 2892 quasi

131 2902 262 2960 humana
277 2913 386 2971 essent,
403 2903 659 2959 incommutabiles
684 2904 811 2976 prolecto
836 2920 892 2959 nou
909 2919 955 2961 es·
1007 2909 1125 2982 viripse
1136 2909 1228 2964 Patris
1239 2923 1394 2980 personam
1405 2906 1831 2981 intimet3Filiivem,quodde

130 2996 215 3061 seut3
232 2997 320 3062 atque
340 2991 401 3047 bis¹
428 2991 485 3048 nisi
509 2992 736 3062 subjungeretur
759 2991 870 3064 aliquid
886 3008 954 3049 nos·
1008 2997 1057 3053 illo
1071 2998 1113 3053 ita
1127 2995 1270 3070 processit
1285 3000 1317 3052 ut
1331 3000 1519 3064 nasceretur3
1535 2999 1625 3070 atque
1639 2997 1681 3052 ita
1692 2997 1829 3053 tertiam¹

128 3084 220 3151 trum,
248 3098 305 3137 non
331 3082 493 3137 secuudum
520 3097 570 3136 eas
593 3096 748 3152 possemus
769 3081 903 3153 judicare
918 3082 954 3138 de
1008 3082 1831 3159 personamvelutSpiritusdicuntessemulierem,qus

126 3167 341 3241 corporalibus.
357 3167 530 3224 iudicamus
546 3173 644 3225 autem
661 3170 696 3224 de
707 3168 909 3242 corporalibus
920 3185 955 3227 ex
1006 3173 1049 3230 ita
1066 3174 1101 3229 ds
1116 3173 1176 3228 viro
1192 3171 1345 3245 processit,
1360 3176 1393 3227 ut
1413 3188 1472 3227 non
1497 3171 1562 3244 ipsa
1585 3176 1666 3227 esset
1687 3170 1770 3227 titius
1784 3175 1832 3227 aut

111 3257 240 3320 ‚ratione
255 3258 473 3314 dimensionum
494 3263 583 3330 atque
607 3259 779 3330 figurarum,
806 3274 895 3330 quam
907 3257 953 3314 in·
1006 3262 1066 3319 litia
1076 3264 1155 3335 (den.
1169 3279 1200 3328 u,
1210 3261 1268 3333 22),
1280 3260 1415 3333 quamvis
1426 3275 1461 3316 ea
1469 3259 1654 3332 concipiente
1665 3259 1763 3333 proles
1778 3275 1831 3316 ua·

125 3347 378 3404 commutabiliter
398 3363 515 3404 manere
531 3362 615 3403 niens
632 3348 721 3404 novit.
1005 3358 1144 3408 soeretur.
1161 3350 1239 3407 Dixit
1253 3349 1331 3406 euim
1354 3348 1497 3406 [lominus
1518 3349 1554 3405 ds
1576 3347 1687 3421 Spiritu
1712 3348 1828 3420 Sancto,

161 3435 277 3493 CAPUT
293 3436 342 3492 tlt.
359 3466 392 3479 -
408 3437 433 3492 3.
448 3435 952 3509 liuttosuperiorquaeadcootcmptc-
1005 3440 1082 3512 quod
1093 3457 1110 3495 a
1122 3438 1205 3495 Patre
1216 3437 1453 3511 procedattiooa.
1467 3453 1513 3504 xv,
1533 3436 1591 3507 26),
1616 3440 1647 3492 et
1669 3440 1771 3493 tamem
1784 3435 1828 3492 Pi·

124 3527 228 3583 ticasm
242 3534 267 3583 ct
282 3528 401 3583 interior
416 3540 478 3597 qum
491 3525 527 3581 ad
540 3526 675 3581 actionem
682 3528 813 3596 pertinet,
824 3526 953 3583 tamenta
1003 3527 1062 3585 lius
1078 3545 1134 3585 non
1151 3530 1206 3584 est.
1223 3530 1254 3581 lu
1270 3525 1360 3598 hrxjus
1375 3525 1466 3598 igitur
1485 3524 1633 3597 opinionis
1649 3540 1760 3591 errore,
1774 3523 1827 3581 hoo

122 3631 189 3671 unc.
203 3614 276 3671 Illud
290 3631 356 3670 vero
367 3620 500 3670 nostrum
511 3614 587 3685 quod
600 3613 950 3686 iunctionecorporalium
1003 3616 1099 3673 solum
1115 3615 1305 3689 probabiliter
1317 3614 1448 3682 affertur,
1474 3613 1551 3685 quod
1571 3612 1602 3668 iu
1617 3612 1733 3686 origine
1748 3613 1824 3670 lacte

121 3701 843 3776 atquatemporaliumtractandorumiterarentur,
852 3707 949 3759 utnon
1003 3704 1127 3771 leminea,
1148 3703 1310 3760 secundum
1335 3705 1442 3759 sunctae
1462 3701 1617 3774 Scriptura
1641 3701 1731 3758 tidem
1755 3699 1823 3758 satis

120 3793 487 3849 sitnobiscommuoeoum
499 3790 948 3863 pecore,rationalequidamest,
1002 3793 1178 3860 ostenditur,
1194 3809 1250 3849 nou
1265 3806 1352 3848 omne
1365 3791 1442 3863 quod
1461 3791 1498 3847 de
1524 3790 1625 3862 aliqua
1647 3806 1773 3864 persona
1785 3789 1822 3845 its

7 3946 13 3957 ι
120 3882 171 3938 sed
186 3898 221 3938 ex
233 3880 284 3937 ills
294 3878 428 3936 rationali
449 3884 555 3935 nostra
575 3879 685 3935 mentis
703 3879 950 3951 substantiaque
1001 3875 1818 3953 existit,utpersonsmalteramlaciat‚liliump0ssedici;

121 3970 327 4027 subhaeremus
342 3967 519 4040 intelligibili
535 3972 623 4040 atque
634 3967 868 4024 incommutabili
878 3968 949 4025 veri·
1001 3971 1240 4044 quondoquidem
1251 3969 1286 4025 da
1297 3967 1351 4025 viri
1361 3983 1486 4041 persona
1496 3967 1607 4024 exstitit
1620 3983 1747 4038 persona
1761 3982 1818 4023 mu·

119 4059 184 4127 tati,
197 4062 339 4130 tanquam
351 4058 472 4113 ductum
483 4060 513 4112 et
522 4056 709 4112 interioribus
720 4057 881 4112 tractandis
893 4073 947 4130 gu·
999 4057 1091 4128 lieris,
1102 4075 1155 4114 neu
1165 4063 1262 4114 tamen
1273 4057 1337 4129 ejus
1348 4054 1409 4113 lilia
1419 4056 1559 4113 dictasst.
1572 4057 1685 4114 Gaetera
1701 4071 1771 4113 saue
1784 4053 1817 4111 its

119 4148 520 4220 beruaudisquedeputatum
530 4149 583 4202 est.
593 4145 760 4205 Sicutenim
770 4146 798 4201 in
808 4146 948 4204 omnibus
999 4151 1069 4203 suut
1080 4147 1218 4213 absurda,
1231 4144 1368 4201 imovero
1380 4142 1513 4212 itaialsa,
1526 4147 1559 4198 ut
1573 4142 1713 4199 facillima
1726 4142 1814 4199 redar-

120 4237 277 4310 pecoribus
290 4253 348 4293 uon
360 4237 509 4293 inventum
523 4237 568 4291 eat
582 4234 643 4291 viro
656 4235 836 4307 adjutorium
851 4235 947 4294 simile
998 4240 1135 4309 guantur.
1149 4234 1258 4291 Omitto
1273 4232 1351 4290 euim
1367 4233 1453 4305 quale
1467 4233 1516 4302 sit,
1531 4231 1676 4304 Spiritum
1686 4236 1812 4289 sanctum

115 4327 171 4396 illi,
185 4327 242 4383 nisi
252 4324 946 4399 detractumdeilloiucoujuugiumlormaretur3
999 4329 1121 4382 matrem
1129 4319 1661 4405 l'iliiDeiputsreetoonjugemPatris
1672 4338 1679 4377 :
1691 4317 1810 4378 fortassis

113 4416 156 4473 ita
169 4416 261 4472 menti
274 4420 443 4489 nostraque
454 4429 612 4488 supernam
625 4413 807 4471 etinteruam
817 4414 946 4471 consuli·
998 4414 1106 4488 quippe
1116 4412 1329 4485 respondeatur
1338 4409 1398 4466 heo
1409 4407 1808 4466 lucernalibushabereolleu·

118 4520 186 4560 mus
196 4503 358 4575 veritatem,
369 4504 483 4560 nullum
494 4508 540 4561 est
550 4503 586 4560 ud
598 4520 686 4560 usum
701 4520 800 4562 rerum
811 4520 945 4576 corpora·
997 4503 1121 4570 sionem,
1134 4501 1205 4557 dum
1216 4499 1347 4572 corporei
1358 4497 1806 4571 conceptaspartusqueoogitau·

119 4587 205 4663 lium,
217 4594 360 4664 quantum
372 4597 481 4649 natura
494 4592 623 4650 hominis
632 4592 705 4650 satis
715 4596 771 4662 est,
786 4591 883 4650 simile
893 4593 944 4650 ad·
997 4597 1054 4648 tur.
1067 4593 1240 4663 Quanquam
1251 4592 1280 4644 et
1289 4587 1350 4644 beo
1361 4587 1426 4660 ipsa
1435 4579 1807 4660 castissimeoogitent,qui·

116 4679 944 4755 jutoriumsxanimapartibusquascommunescumps·
997 4670 1811 4735 busmundisomuiamuodasunt:immundisautemet

119 4768 945 4841 caribusbabemuslltideoquiddamrationalenostrum
996 4761 1817 4837 infidelibus,quorumpollutasuntstmcnseteonsciau·

119 4874 177 4916 non
188 4858 224 4913 ad
236 4858 358 4915 unitatis
374 4858 532 4915 divortium
552 4864 730 4931 separatum,
751 4860 801 4916 sed
823 4859 852 4916 in
863 4860 944 4917 uuxi·
995 4857 1047 4929 tia,
1061 4856 1101 4912 ita
1118 4853 1191 4911 nihil
1204 4857 1249 4911 est
1264 4854 1409 4910 mundum
1425 4852 1488 4927 (Tit.
1515 4869 1534 4919 1,
1556 4852 1612 4925 15),
1631 4856 1665 4907 ut
1680 4850 1825 4923 quosaam

117 4946 944 5023 liumsocietatisquasiderivatum,insuioperisdisper·
995 4960 1096 5003 eorum
1111 4944 1200 5001 etiam
1216 4944 1252 4999 de
1275 4941 1389 5016 virgine
1410 4941 1575 4998 seeundum
1600 4956 1720 4998 carnem
1735 4939 1836 5027 natat

116 5039 189 5095 titur
203 5038 360 5097 ollloium².
382 5039 416 5095 ltt
431 5038 507 5094 sicut
532 5053 590 5094 una
612 5054 679 5095 oaro
702 5042 747 5096 est
770 5040 896 5098 duorum
911 5040 944 5099 ln
994 5034 1129 5092 Christus
1144 5032 1282 5089 oll'endat.
1299 5031 1357 5087 Sed
1371 5034 1469 5089 tamen
1483 5030 1514 5087 in
1541 5027 1747 5103 spiritualibus
1761 5018 1847 5083 illl·

116 5128 249 5186 masculo
260 5128 417 5200 etlemina,
429 5128 472 5186 aio
482 5125 662 5183 intellectum
672 5133 806 5186 nostrum
815 5131 943 5188 etaotio·
995 5123 1133 5192 summis,
1145 5122 1196 5177 ubi
1208 5136 1267 5177 non
1278 5124 1323 5177 est
1333 5118 1445 5193 aliquid
1458 5117 1595 5176 violabile
1609 5121 1662 5174 aut
1675 5100 1854 5188 corrupit·

116 5233 195 5289 nem,
211 5216 256 5274 vel
271 5218 472 5275 consiliumet
494 5216 724 5283 exsecutionem,
739 5216 783 5274 vel
799 5220 942 5278 rationem
995 5211 1062 5283 bilo,
1075 5227 1128 5267 110⁰
1138 5216 1286 5267 natumst
1300 5214 1442 5282 tempore,
1458 5224 1511 5266 uso
1525 5223 1561 5264 ex
1575 5206 1695 5263 informi
1710 5203 1861 5261 torm*

117 5303 941 5382 stannatumrationemveatquostismouosignt·
993 5305 1069 5369 tum.
1080 5300 1105 5356 ei
1115 5317 1173 5372 que
1183 5293 1791 5371 (10000010.αοᾳυοτυωείωὓίῑιιάἰι·
1810 5284 1867 5334 ⁴¹¹¹

116 5390 254 5452 licentius
266 5395 323 5453 dici
333 5400 468 5469 possunt,
480 5410 539 5450 una
547 5392 653 5450 mentis
665 5397 943 5469 naturacomplantt.
993 5390 1082 5447 etiam
1093 5390 1150 5445 ista
1160 5388 1308 5445 interioris
1317 5392 1457 5445 creaturas
1464 5402 1582 5461 genera,
1591 5371 1870 5457 quamvislot‘lss⁰

115 5482 178 5536 tur:
189 5482 773 5555 utquemadmodumdeillisdiotumest,
791 5485 942 5546 Erootdao
993 5477 1191 5537 remotissime
1200 5477 1275 5534 lacta
1286 5480 1368 5545 sunt,
1383 5490 1442 5532 non
1458 5476 1565 5533 debent
1579 5474 1756 5547 ciajusquam
1808 5463 1866 5514 ’θ’

146 5604 155 5641 ¹
171 5603 250 5663 uuio,
265 5606 293 5656 in
306 5607 355 5658 bis.
369 5609 458 5670 Abest,
474 5607 513 5668 in,
528 5621 545 5658 a
559 5606 694 5672 plerisque
708 5611 907 5678 manuscriptis.

145 5667 266 5723 'Omnes
281 5682 365 5739 prope
379 5672 452 5735 lisa,
466 5670 563 5739 assicia.
578 5669 811 5740 Quidamolptcis.
1024 5679 1035 5719 s
1049 5675 1129 5741 mitt,
1143 5673 1180 5728 sd
1193 5671 1307 5728 tertiam.
1322 5673 1357 5729 at
1369 5672 1434 5728 llss.
1447 5674 1542 5727 sanat
1554 5669 1689 5743 particula
1700 5666 1743 5725 sd.
