3908 6128
145 294 202 355 stt
702 292 754 354 DF}
777 292 1006 370 TRlNl'l'ATE,
1028 293 1060 354 S.
1084 292 1297 356 abonsnlrtl
1800 288 1862 351 Sl!

146 432 225 483 otum
238 424 307 496 quie
317 427 346 479 et
360 427 444 479 Pater
454 439 520 478 eum
538 423 617 477 misit
633 427 660 479 et
675 424 765 480 Filius
779 424 968 496 sufficienter,
1027 430 1071 480 ter
1082 442 1230 497 apparere,
1243 422 1455 480 absurdissime
1469 426 1568 495 tamen
1584 425 1637 479 ant
1651 438 1669 479 a
1684 421 1858 494 Filioqusm

146 521 290 588 quantum
300 514 434 582 arbitror,
443 514 891 570 demonstratumest.Sivoenim
903 530 970 585 pro·
1024 515 1137 586 genuit.
1149 521 1201 571 ant
1211 532 1227 570 a
1237 514 1343 587 Spiritu
1357 519 1459 569 sancto
1469 513 1520 586 qui
1529 513 1565 569 da
1575 512 1625 568 illo
1634 511 1778 586 procedit,
1789 512 1858 569 mis-

147 603 364 678 ptervisibilcm
376 607 551 663 ereaturam.
564 604 623 658 sive
634 602 971 676 potiuspropterprinci·
1025 620 1076 660 sus
1092 604 1247 660 diceretur.
1266 605 1321 660 lste
1337 602 1428 676 igitur
1443 602 1483 658 sit
1507 602 1598 674 buJus
1615 601 1778 658 voluminis
1794 617 1857 657 mo-

147 692 214 766 cipii
225 691 520 758 commendationem
533 708 589 746 non
602 696 722 765 propter
741 692 970 764 inaequalitatem
1025 693 1099 748 dus:
1116 694 1252 765 deinceps
1268 693 1297 747 in
1322 690 1444 762 caterio,
1468 690 1627 761 adjuvaute
1654 687 1790 753 Domino.
1806 687 1856 745 illa

145 782 190 839 vei
201 780 418 854 imparilitatem
427 779 470 836 vel
481 780 752 837 dissimilitudinem
762 782 970 838 substantiaein
1024 780 1229 838 hereticorum
1244 779 1448 837 versutissime
1470 785 1646 851 argumenta
1670 776 1773 850 qualis
1786 776 1855 849 sint,

146 870 307 943 Scripturis
318 868 377 924 brac
389 868 886 942 positaiotelliguntur:quinetiam
895 870 973 927 sivo·
1025 873 1054 926 at
1067 871 1317 943 quemadmodum
1331 870 1544 942 redarguantur
1557 867 1738 925 ridebimus.

144 959 251 1017 luisset
261 964 337 1016 Deus
348 958 432 1014 Pater
440 974 492 1031 per
502 958 663 1028 subjectam
674 964 839 1015 ereaturam
850 958 973 1015 visibili·

146 1110 465 1128 m

741 1211 930 1305 LIBER
973 1210 1258 1323 QUINTUS.

175 1396 255 1447 Venit
268 1395 301 1446 ad
316 1394 502 1444 hereticorum
517 1396 677 1456 argumenta
692 1391 737 1441 illa
752 1405 811 1456 quse
827 1406 881 1442 non
894 1406 925 1441 ex
941 1391 1040 1443 divinia
1054 1392 1196 1455 Libris,sed
1208 1408 1240 1443 er
1254 1395 1403 1445 rationibus
1412 1396 1467 1445 suia
1477 1395 1619 1458 proferunt
1629 1398 1673 1445 :et
1686 1408 1734 1445 eos
1745 1393 1852 1454 refellit,

144 1459 243 1522 quibua
257 1459 318 1507 ideo
333 1458 440 1506 videtur
451 1470 504 1505 nou
519 1458 640 1504 eamdem
658 1455 726 1504 Patri
741 1470 771 1503 ac
787 1456 842 1505 lilii
853 1469 909 1504 esse
925 1455 1186 1519 substantiamque
1200 1458 1361 1518 omnaquod
1380 1460 1412 1507 de
1430 1459 1483 1507 Deo
1498 1457 1604 1509 dieitur.
1622 1458 1776 1506 secundum
1790 1456 1848 1507 sub

144 1524 267 1571 stautiam
283 1521 333 1569 dici
350 1526 462 1582 putant:
479 1520 505 1567 et
520 1522 660 1581 propterea
676 1522 703 1566 et
716 1530 827 1581 pignere
842 1522 869 1566 et
883 1517 1009 1580 gissiaci
1026 1520 1146 1581 genitum
1165 1533 1222 1567 osas
1233 1523 1260 1568 et
1275 1520 1564 1633 irrgsnitrrm,3uoniam
1580 1521 1688 1569 diversa
1703 1525 1779 1575 aunt.
1790 1532 1849 1569 con·

143 1586 260 1633 tendunt
275 1583 436 1632 substantias
450 1594 509 1631 esse
524 1581 663 1641 diversas;
682 1580 936 1637 demonstraremus
950 1594 1030 1630 omna
1044 1582 1115 1653 quod
1129 1582 1162 1630 de
1179 1583 1230 1631 beo
1241 1582 1339 1631 dicitur
1353 1597 1433 1632 secun

1457 1596 1501 1633 um
1516 1583 1695 1633 substantiam
1710 1583 1775 1643 dici,
1786 1584 1851 1632 sient

142 1647 289 1696 secundum
305 1646 480 1694 substantiam
496 1644 593 1692 dieitur
607 1644 692 1692 bonus
707 1647 734 1691 et
745 1648 896 1705 magnumst
911 1642 932 1690 ai
947 1642 1011 1706 quid
1027 1643 1097 1693 aliud
1113 1644 1145 1693 ad
1161 1659 1189 1694 se
1199 1644 1308 1695 dicitur:
1325 1646 1371 1694 sed
1388 1646 1439 1696 dici
1457 1646 1539 1696 etiam
1560 1646 1684 1706 relative,
1699 1644 1726 1694 id
1742 1650 1784 1694 eat
1799 1658 1850 1693 uon

141 1709 175 1757 ad
191 1723 228 1765 se,
241 1710 287 1757 sed
303 1707 335 1756 ad
349 1707 449 1770 aliquid
464 1705 535 1770 quod
548 1707 604 1768 ipse
621 1718 675 1754 uon
691 1707 811 1761 astarent
825 1706 899 1754 Pater
914 1705 946 1753 ad
963 1705 1058 1754 Filium
1074 1706 1179 1764 dicitur,
1191 1707 1233 1756 vel
1249 1708 1375 1756 Dominus
1390 1709 1422 1756 ad
1438 1712 1587 1758 creaturam
1604 1708 1654 1758 sibi
1670 1708 1850 1757 servientem:

143 1769 191 1820 nbi
206 1771 227 1819 sl
243 1769 445 1834 quirslative.id
457 1772 497 1817 est
511 1768 544 1816 ad
560 1767 661 1831 aliquid
672 1768 806 1830 quodipse
823 1781 876 1815 uon
891 1768 1022 1823 astatium
1037 1782 1068 1816 ex
1085 1773 1205 1830 tempore
1215 1770 1322 1826 dicitur.
1337 1771 1414 1820 sicuti
1430 1770 1600 1828 sabonariae.
1615 1769 1751 1831 reveniam
1766 1771 1850 1832 factm

143 1846 170 1882 es
185 1833 276 1884 nobb:
291 1832 357 1882 nibil
370 1832 395 1881 ai
408 1830 528 1881 accidere
541 1844 595 1894 quo
611 1831 787 1889 mutetur,sed
801 1831 911 1881 omnino
926 1831 1015 1894 ipsum
1029 1831 1057 1880 iu
1073 1836 1169 1882 natura
1186 1832 1228 1882 vei
1241 1834 1357 1882 essentia
1373 1847 1421 1883 rua
1435 1833 1634 1884 immutabilem
1644 1846 1819 1897 permanare.

178 2091 295 2148 CAPUT
306 2088 455 2146 PRIMUM.
467 2120 501 2130 -
513 2091 538 2144 1.
550 2089 626 2158 Quid
644 2105 661 2144 ο
683 2094 748 2158 Deo,
766 2089 832 2160 qaid
842 2105 858 2144 ο
870 2089 970 2146 lectore

141 2190 235 2238 auctor
244 2180 412 2253 exposcatla
423 2179 475 2234 beo
485 2178 559 2233 nibil
569 2179 709 2233 mutabilis
719 2188 745 2234 et
754 2179 877 2249 corporei
891 2181 967 2250 eopi-

138 2271 265 2326 tondum.
281 2268 353 2324 ilinc
364 2269 427 2338 jam
443 2267 597 2323 exordiens
612 2283 645 2322 ea
661 2267 766 2336 dicere,
783 2283 846 2339 quae
862 2267 919 2321 diei
936 2271 968 2324 nt

138 2359 306 2432 cogitantur
318 2358 363 2413 vel
377 2357 412 2412 ab
430 2355 547 2412 bomine
562 2355 673 2427 aliquo,
689 2355 733 2411 vel
756 2361 834 2411 certe
848 2372 866 2411 ο
881 2357 964 2413 nobis

140 2464 197 2504 non
208 2445 377 2503 omnimodo
388 2449 527 2517 possunt:
539 2444 674 2515 quamvis
684 2448 714 2499 at
724 2444 789 2516 ipsa
801 2449 902 2499 nostra
914 2461 963 2501 cc·

138 2537 252 2610 gitatin,
264 2551 329 2590 cum
342 2536 378 2590 de
393 2539 449 2589 beo
464 2533 606 2588 Trinitate
622 2532 815 2605 cogitamus¹,
833 2534 919 2605 longe
934 2549 966 2590 se

140 2625 181 2681 illi
194 2622 965 2696 dequocogitat,imparemsentiat‚nequsutesteum

46 2720 52 2733 ¹
141 2713 247 2786 capiat,
260 2713 324 2781 sed,
337 2717 368 2767 ut
378 2711 522 2783 scriptum
534 2717 588 2775 est,
600 2710 689 2766 etiam
701 2728 718 2765 a
729 2712 818 2765 tantis
834 2715 965 2783 quantus

140 2803 250 2860 Paulus
264 2801 413 2874 apostolus
429 2799 476 2855 hic
490 2803 562 2869 crat,
576 2814 626 2870 per
638 2801 778 2872 speculam
792 2808 818 2854 et
833 2801 865 2854 ia
875 2800 964 2867 arr-ip·

140 2900 213 2949 mate
227 2891 360 2946 videatur
372 2891 395 2958 (l
411 2889 472 2944 Cor.
487 2905 548 2954 xrrr,
567 2888 622 2958 12),
639 2887 767 2959 primum
783 2891 819 2943 ab
834 2888 898 2958 ipso
913 2887 966 2943 Do·

143 2981 223 3036 mino
235 2980 291 3034 Deo
303 2982 412 3048 nostro,
424 2979 459 3032 de
471 2993 529 3048 quo
540 2992 656 3048 semper
670 2978 797 3047 cogitare
811 2977 964 3042 debemus,

143 3073 172 3125 et
180 3071 279 3138 dequo
288 3068 375 3138 digus
383 3066 510 3135 cogitare
519 3081 575 3119 non
586 3080 754 3135 possumus,
763 3064 810 3119 cui
818 3064 964 3121 laudando

143 3156 292 3214 reddenda
306 3153 440 3211 estomni
450 3158 580 3223 tempora
591 3153 754 3208 benedictio
764 3153 849 3223 (Paul.
864 3170 963 3219 xxxin,

142 3247 180 3317 1),
197 3249 227 3301 et
241 3244 288 3300 cui
298 3243 476 3299 enuntiando
490 3240 570 3296 nulla
581 3242 720 3312 competit
731 3242 829 3308 dictio,
842 3248 870 3297 et
880 3244 963 3314 adju·

139 3335 248 3391 lorium
263 3333 299 3389 ad
310 3331 500 3404 intelligenda
510 3336 597 3401 atque
610 3328 783 3402 explicanda
794 3347 858 3402 quas
871 3331 963 3386 inten-

137 3423 185 3489 do,
202 3429 231 3479 et
246 3421 361 3478 veniam
377 3435 478 3492 precor
493 3418 587 3475 sicubi
612 3418 737 3475 otiando.
763 3422 871 3475 Memor
894 3436 961 3477 sum

136 3512 226 3583 enim,
244 3528 300 3568 non
316 3509 413 3566 solum
432 3508 601 3573 voluntatis,
618 3524 716 3564 verum
732 3509 821 3563 stiam
836 3509 961 3565 infirmi-

135 3602 205 3659 tatis
221 3617 300 3656 meas.
317 3600 359 3655 Ab
374 3598 420 3654 his
435 3598 523 3653 etiam
539 3597 589 3669 qui
604 3596 770 3653 istulecturi
782 3604 862 3667 sunt,
875 3603 906 3653 ut
916 3598 960 3671 ig·

134 3695 258 3747 noscant
273 3695 348 3762 peto,
360 3688 412 3744 ubi
423 3703 469 3743 ma
483 3687 577 3759 magis
588 3685 714 3742 voluisse
725 3703 815 3760 quam
827 3686 959 3759 potuisse

134 3779 229 3835 dicere
239 3777 425 3844 adverterint,
436 3774 514 3847 quod
529 3774 572 3830 vel
584 3775 637 3845 ipsi
651 3774 757 3830 malias
768 3774 956 3847 intelligunt:

133 3868 210 3924 sicut
223 3883 276 3940 ege
292 3867 334 3923 sis
351 3866 481 3938 ignosco,
498 3863 547 3918 ubi
564 3869 682 3936 propter
693 3880 777 3919 snam
790 3864 957 3921 tarditatem

131 3955 294 4028 intelligere
310 3970 366 4011 non
384 3959 517 4019 possunt.

166 4045 194 4098 2.
208 4043 331 4099 Facilius
342 4048 439 4098 autom
453 4041 954 4113 nobisinvicemignoscimus,sin0·

130 4132 270 4197 venimus,
283 4136 334 4187 aut
343 4135 419 4187 certa
430 4131 574 4186 credendo
585 4130 703 4184 firmum
720 4134 910 4202 tenuerimus,
921 4149 956 4189 aa

129 4218 954 4295 quasdenaturaiocommutabilietinvisibilisummeque

127 4312 241 4367 vivente
251 4327 284 4366 ao
294 4310 350 4365 sibi
361 4307 524 4366 sutiioionta
535 4306 749 4372 dicuntur,non
757 4323 792 4363 ex
800 4314 954 4365 consuetu·

127 4399 195 4456 dine
205 4399 365 4455 visibilium
381 4403 469 4469 atqua
484 4396 667 4453 mutabilium
685 4401 714 4452 ei
728 4396 897 4453 mortalium
908 4398 952 4455 vel

126 4503 284 4561 egenarum
294 4486 624 4544 rerumesssmetienda.
632 4486 686 4542 Sed
697 4488 800 4541 cumin
812 4486 950 4543 bisetium

126 4574 808 4649 quaenostriscorporalibuaadjacentsensibus,
821 4575 950 4648 volquod

125 4662 950 4737 nosipsiinintariorebominssnmns,seientiaoompre·

123 4754 288 4810 hendendis
303 4752 482 4820 laboremus,
498 4769 551 4808 neo
566 4751 749 4808 sufficiamus
762 4757 947 4810 :nontamen

122 4843 310 4915 impudenter
320 4843 350 4897 in
362 4841 412 4897 illa
421 4858 482 4911 qua
493 4858 583 4913 snpra
594 4844 663 4896 sunt
673 4841 772 4895 divina
782 4840 948 4898 etinellabi·

121 4931 170 4995 lia,
184 4933 275 5002 pietas
287 4930 946 5000 tidelisardescit;nonquamsuarumvirium

118 5020 202 5077 inllat
212 5021 389 5090 arrogantia,
402 5019 452 5073 sed
465 5035 553 5088 quam
562 5019 656 5089 gratia
665 5018 757 5087 ipsius
766 5018 946 5077 Creatoriset

118 5108 278 5165 Salvatoris
289 5110 464 5163 iollummat.
479 5107 551 5161 Num
564 5122 622 5178 quo
634 5105 780 5161 intellectu
793 5107 884 5162 licum
897 5126 944 5164 ca·

118 5199 162 5270 pii
172 5198 270 5263 homo,
282 5197 331 5268 qui
344 5199 440 5268 ipsum
453 5195 632 5250 intellectum
646 5210 732 5248 suurn
742 5212 873 5264 quoeum
884 5196 944 5253 vult

117 5302 220 5359 capere
231 5287 362 5341 nondum
374 5286 475 5358 capit'l
486 5284 517 5340 Si
528 5289 625 5338 nutem
637 5282 716 5336 hunc
725 5284 787 5353 jam
799 5288 887 5357 capit,
899 5290 942 5342 at-

116 5377 216 5430 tendat
228 5375 382 5446 diligenter
393 5372 466 5431 nibil
478 5390 510 5429 so
522 5388 584 5428 esse
596 5371 626 5426 in
639 5387 692 5426 sua
708 5376 813 5426 natura
824 5372 941 5445 molius,

1023 2089 1133 2146 nitores
1148 2088 1289 2157 colorum,
1315 2089 1475 2163 spatiosam
1497 2089 1705 2163 granditatem,
1721 2090 1848 2163 partium

1023 2178 1848 2252 distantiam,molisdiatensionsm‚aliquasperlocorum

1021 2267 1175 2323 intervalla
1195 2269 1348 2340 mot-iones,
1369 2268 1411 2324 val
1424 2267 1495 2340 quid
1510 2269 1667 2340 ejusmodi.
1680 2268 1761 2324 Nibil
1776 2272 1847 2325 certe

1020 2358 1143 2412 istorum
1157 2357 1323 2413 invenimus
1335 2357 1364 2412 in
1375 2373 1418 2427 eo,
1431 2373 1489 2430 quo
1503 2357 1532 2412 in
1546 2363 1654 2414 natura
1664 2363 1769 2413 nostra
1779 2356 1846 2413 nibil

1021 2443 1127 2499 melius
1143 2444 1317 2512 invenimus,
1335 2444 1363 2499 id
1379 2449 1435 2516 est,
1451 2445 1481 2499 in
1496 2450 1595 2501 nostro
1610 2444 1777 2511 intellectu,
1793 2460 1846 2518 quo

1020 2532 1194 2603 sapientiam
1207 2533 1340 2604 capimus
1350 2539 1495 2605 quantum
1507 2548 1756 2604 capacessumus.
1768 2534 1845 2598 Quod

1020 2638 1088 2693 ergo
1100 2638 1156 2677 non
1167 2621 1334 2678 invenimus
1345 2624 1371 2677 in
1386 2622 1504 2678 meliore
1513 2626 1624 2687 nostro,
1635 2639 1694 2679 non
1705 2623 1845 2679 debemus

1020 2710 1048 2764 in
1061 2709 1111 2766 illo
1123 2726 1260 2782 quarere,
1273 2711 1348 2781 quod
1360 2710 1446 2781 longa
1463 2711 1569 2767 melius
1590 2718 1636 2767 est
1656 2711 1780 2769 meliore
1795 2730 1845 2769 no·

1020 2804 1080 2854 stro
1093 2814 1099 2854 :
1113 2805 1145 2854 ut
1155 2799 1196 2854 sie
1208 2798 1408 2869 intelligamus
1419 2799 1521 2867 Deum,
1533 2801 1558 2855 si
1570 2817 1745 2872 possumus,
1755 2818 1844 2874 quan·

1019 2887 1846 2961 tumpossamus,sinequalitutebonum‚sinequantitats

1020 2992 1171 3048 magnum,
1183 2976 1246 3032 sine
1256 2976 1416 3048 indigentia
1424 2981 1595 3046 creatorem,
1605 2978 1669 3032 ains
1677 2977 1738 3035 situ
1748 2978 1845 3051 praesi·

1019 3066 1164 3131 dentem¹,
1176 3065 1238 3121 sine
1249 3065 1352 3121 babitu
1365 3065 1465 3121 omuia
1478 3065 1687 3135 continentem,
1703 3066 1771 3122 sina
1785 3067 1845 3125 loco

1019 3154 1128 3225 ubique
1140 3157 1245 3224 totum,
1258 3155 1322 3210 sine
1333 3159 1462 3226 tempore
1473 3154 1699 3225 sempiternum,
1712 3156 1778 3213 sina
1789 3156 1845 3213 ulla

1018 3244 1064 3298 sui
1079 3244 1238 3299 mutatione
1248 3242 1402 3298 mutabilia
1414 3243 1578 3311 lactentem,
1589 3242 1725 3315 nihilque
1733 3245 1843 3317 patieu-

1017 3336 1086 3386 tem.
1099 3332 1238 3404 Quisquis
1249 3332 1340 3388 Deum
1353 3333 1393 3387 ita
1403 3333 1521 3404 cogitat,
1538 3333 1592 3388 etsi
1604 3335 1740 3390 nondum
1753 3339 1844 3408 potest

1016 3423 1095 3477 omni
1112 3423 1198 3478 modo
1216 3421 1345 3476 iuvenire
1373 3421 1443 3492 quid
1470 3422 1530 3489 sit;
1559 3421 1606 3493 pie
1634 3426 1737 3478 tamen
1754 3430 1841 3493 cavat,

1015 3515 1159 3582 quantum
1177 3514 1280 3583 potest,
1296 3508 1406 3582 aliquid
1424 3510 1459 3565 de
1471 3526 1505 3565 eo
1516 3511 1623 3566 sentire
1634 3513 1713 3580 quod
1726 3514 1841 3571 nonsit.

1050 3599 1165 3655 CAPUT
1178 3600 1210 3655 ll.
1223 3630 1258 3641 -
1268 3600 1293 3654 3.
1307 3600 1377 3654 ilaue
1386 3600 1446 3654 sola
1465 3601 1701 3656 incommutabilis
1713 3606 1839 3659 camolia

1014 3689 1066 3744 Est
1080 3694 1177 3744 tamen
1194 3688 1258 3744 sine
1272 3687 1453 3744 dubitatione
1473 3688 1651 3756 substantia,
1668 3688 1726 3759 vel,
1740 3691 1766 3747 si
1781 3708 1840 3747 ma-

1013 3776 1072 3834 lius
1083 3778 1136 3832 hoo
1147 3776 1320 3850 appellatur,
1331 3778 1469 3848 essentia,
1481 3793 1569 3848 quam
1581 3778 1671 3833 Graeci
1683 3776 1779 3832 obolas
1791 3796 1838 3836 vo-

1012 3871 1090 3922 cant.
1107 3866 1189 3922 Sicut
1204 3867 1282 3921 enim
1299 3866 1335 3921 ab
1360 3882 1394 3921 eo
1417 3866 1494 3938 quod
1518 3870 1563 3922 eat
1586 3882 1690 3938 sapere
1706 3867 1785 3924 dicta
1798 3877 1838 3924 est

1011 3955 1165 4027 sapientia,
1179 3959 1208 4010 et
1218 3955 1255 4010 ab
1265 3971 1298 4010 so
1309 3954 1387 4026 quod
1398 3959 1443 4011 est
1453 3954 1528 4010 scire
1542 3954 1620 4010 diota
1634 3959 1682 4011 est
1697 3956 1836 4025 scicntia;

1010 4043 1051 4098 ita
1066 4045 1101 4098 ab
1117 4060 1150 4098 eo
1166 4043 1241 4113 quod
1256 4046 1302 4099 est
1315 4058 1379 4099 esse
1394 4042 1472 4098 dicta
1494 4051 1537 4098 est
1560 4043 1703 4100 essentia,
1718 4044 1752 4100 bt
1773 4044 1835 4115 quis

1009 4132 1105 4203 magis
1116 4136 1172 4196 est,
1183 4148 1273 4202 quam
1284 4130 1333 4187 ille
1341 4132 1392 4203 qui
1406 4132 1478 4187 dixit
1489 4129 1599 4187 lamule
1610 4132 1776 4205 suotloysi,
1785 4135 1834 4202 Euo

1008 4237 1070 4276 sam
1080 4223 1127 4292 qai
1140 4236 1222 4282 sum,·
1237 4225 1274 4282 et.
1290 4221 1365 4277 Dices
1378 4217 1449 4291 filiis
1463 4221 1570 4277 lsrael:
1584 4221 1697 4289 Quiest,
1708 4225 1834 4279 misitme

1007 4311 1048 4366 nd
1059 4327 1102 4366 vos
1115 4310 1211 4382 (Exod.
1224 4325 1266 4375 ur,
1279 4309 1347 4380 llll
1361 4310 1416 4365 Sed
1427 4308 1491 4365 alise
1502 4326 1566 4382 qua
1584 4308 1727 4368 dicuntur
1736 4328 1831 4368 essen·

1006 4400 1053 4456 tia
1065 4415 1125 4454 sive
1136 4401 1319 4465 substantiae,
1328 4398 1449 4471 capiunt
1457 4398 1628 4463 accidentia,
1638 4400 1751 4471 quibus
1759 4400 1832 4459 ineis

1006 4488 1109 4545 llatvel
1122 4477 1282 4559 mapnavsl
1294 4493 1533 4560 quantacumque
1548 4489 1673 4544 mutatio
1687 4505 1694 4544 :
1712 4490 1831 4547 Deoau·

1004 4581 1063 4633 tem
1079 4576 1189 4648 aliquid
1204 4575 1349 4644 ejnsmodi
1365 4575 1496 4632 accidere
1511 4592 1570 4631 non
1590 4582 1692 4649 potest
1704 4596 1713 4645 ;
1727 4584 1757 4635 et
1770 4580 1830 4635 ideo

1004 4664 1067 4721 sola
1077 4672 1121 4720 est
1132 4663 1385 4720 iucommutabilis
1396 4663 1563 4720 substantia
1572 4663 1618 4720 vel
1629 4668 1772 4735 essentia,
1783 4666 1829 4738 qui

1003 4753 1080 4809 Deus
1095 4758 1149 4820 cst,
1165 4753 1212 4808 cui
1229 4751 1366 4823 profectio
1388 4752 1486 4824 ipsum
1509 4767 1586 4819 asse,
1611 4753 1691 4810 unde
1706 4755 1830 4811 essentia

1002 4843 1154 4898 nominata
1165 4846 1220 4909 est,
1233 4841 1359 4895 maxime
1372 4857 1405 4896 ac
1415 4839 1567 4896 verissime
1581 4843 1734 4913 competit.
1751 4841 1828 4910 Quod

1001 4931 1078 4987 enim
1089 4935 1229 4996 mutatur,
1243 4946 1300 4984 non
1309 4933 1405 4985 servat
1415 4928 1514 5000 ipsum
1522 4943 1586 4984 essa
1594 4946 1601 4997 ;
1609 4930 1724 5002 olquod
1735 4938 1829 4988 muta·

1000 5021 1024 5075 ri
1036 5023 1140 5092 polest,
1149 5016 1263 5073 etiamsi
1272 5034 1328 5073 non
1337 5024 1475 5082 mutetur,
1484 5019 1662 5089 potestquod
1671 5020 1828 5076 lueratnon

999 5124 1063 5164 esse
1076 5125 1082 5161 :
1095 5124 1128 5162 ac
1139 5106 1255 5179 perhoc
1271 5105 1343 5161 illud
1359 5105 1454 5161 solum
1471 5106 1549 5178 quod
1563 5122 1621 5162 nou
1638 5112 1756 5163 tantum
1774 5124 1829 5164 non

999 5202 1141 5266 mutatur,
1158 5195 1362 5251 verumetiam
1387 5194 1493 5251 mutari
1510 5194 1631 5251 omnino
1647 5212 1707 5252 non
1724 5202 1828 5269 potest,

997 5286 1060 5342 sine
1075 5287 1214 5357 scrupulo
1229 5285 1356 5340 occurrit
1367 5284 1444 5355 quod
1458 5282 1611 5340 verissime
1621 5283 1740 5342 dicatur
1753 5302 1827 5343 esse.

1032 5373 1146 5430 CAPUT
1159 5372 1288 5429 itt-t.
1306 5373 1472 5428 erraveram
1495 5382 1690 5443 crpumerrtum
1710 5391 1748 5431 esc
1767 5390 1829 5432 noce

115 5463 249 5520 etvideat
260 5469 358 5518 utrum
369 5460 940 5532 ibivideatullalineamentalormsrum‚
995 5465 1084 5535 periti
1093 5471 1118 5520 et
1131 5463 1251 5535 inperiti
1259 5462 1435 5532 &sumptam
1443 5460 1572 5517 diluitur.
1584 5462 1788 5529 Quamobrem
1795 5466 1828 5521 ul

113 5568 216 5690 malis.
228 5568 313 5684 &aad
328 5570 393 5622 Van.
408 5570 482 5632 bon,
497 5582 554 5621 cum
572 5569 604 5619 de
625 5566 675 5618 net
699 5566 823 5620 Trinitate
841 5548 940 5635 co'plta·

1026 5638 1036 5673 ¹
1053 5633 1097 5686 Sie
1109 5633 1171 5685 tiss.
1186 5632 1219 5686 Aa
1232 5630 1306 5696 editt,
1319 5632 1485 5699 merentem.
