3908 6128
173 314 234 377 115
544 311 702 374 CONTRA
723 310 911 376 mauseuli
932 307 1196 386 MANICHAEUM,
1218 311 1252 373 S.
1275 308 1491 374 auousrlor
1818 312 1881 375 216

175 452 257 515 runt,
273 446 350 521 quod
360 445 528 519 petentibus
541 445 672 512 daretur,
682 445 896 503 oblatrantibus
909 461 1002 519 nega·
1057 444 1175 516 adoptio
1189 448 1319 500 venatur.
1328 443 1409 501 Unde
1417 444 1546 501 Joannes
1557 445 1645 504 dieit:
1664 446 1742 503 oseis
1756 445 1796 503 eis
1803 456 1882 520 pots·

180 535 999 609 retur3aquarentibusinveniretur,repreheudeutibus
1055 535 1521 607 stotemfiir'oslleifierilioon.1,
1539 536 1593 605 12).
1623 535 1696 592 [lum
1725 536 1880 610 igitur-jus

176 626 398 685 subtraheretur
410 643 417 694 3
429 625 615 697 pulsantibus
625 624 785 698 aperiretur
795 626 899 698 (llottb.
910 640 948 694 vr,
958 624 998 697 7),
1056 622 1221 696 adoptionis
1237 623 1363 680 liliorum
1379 624 1454 697 apud
1471 628 1568 697 patres
1583 630 1699 683 nostros
1714 633 1744 683 et
1757 626 1788 682 in
1801 627 1880 684 Seri-

69 700 72 705 ·
177 715 417 790 oppugnantibus
428 713 627 784 clauderetur3
642 715 798 787 petierunt,
810 713 999 787 quesierunt,
1056 712 1151 785 pturis
1166 713 1276 770 sanetis
1293 712 1434 770 usitatum
1450 715 1504 783 sit;
1520 731 1584 787 que
1593 714 1754 788 impietatis
1764 717 1883 774 domen-

177 806 378 882 pulsaverunt,
392 808 575 877 aeceperunt,
589 804 774 873 invenerunt,
789 804 982 860 intraverunt.
1056 800 1097 856 tia
1111 801 1283 873 precipitat,
1299 802 1382 874 prius
1392 803 1881 878 Evangelistaslalsitatisarguere,

211 893 327 953 CAPUT
338 892 532 966 Ill-Nempe
545 896 607 951 tota
621 893 651 949 in
667 893 721 950 boe
736 893 843 967 quatio
856 895 912 964 est,
927 908 1001 964 quo·
1057 890 1134 961 quod
1164 890 1296 947 diversas
1325 891 1529 964 generationes
1564 897 1881 963 commemoraverunt,

179 981 841 1056 modopotueritduospatreshabereloseph.
853 981 1002 1039 Hooenim
1056 982 1199 1050 tanquam
1216 982 1345 1050 utraque
1368 996 1442 1036 vere
1461 996 1527 1038 esse
1556 998 1614 1037 non
1632 981 1766 1054 possint;
1791 999 1882 1056 quam

178 1074 201 1131 si
213 1072 344 1146 potuisse
360 1070 421 1127 iteri
436 1071 667 1141 demonstratur,
683 1070 766 1128 nulla
779 1071 898 1128 omnino
914 1087 1002 1128 eausa
1057 1066 1184 1141 rogitare
1198 1072 1227 1124 et
1241 1069 1390 1126 attendero
1404 1073 1433 1125 et
1447 1069 1544 1126 videre
1554 1070 1880 1145 quodlaoillimumest,

177 1166 293 1232 est,our
303 1161 461 1235 quisquam
473 1160 598 1217 istorum
609 1159 905 1234 evangelistarum,in
913 1159 1004 1216 direr-
1058 1172 1147 1230 quam
1161 1156 1263 1213 erebra
1278 1157 1489 1215 eonsuetudiue
1508 1159 1624 1231 generis
1645 1157 1780 1230 humani,
1804 1178 1884 1219 unus

178 1253 220 1310 sis
230 1249 694 1325 generationibusenumerandis,
707 1248 815 1307 falsum
826 1248 935 1306 dixisse
945 1265 1005 1306 ere·
1058 1246 1236 1303 homoduas
1255 1250 1352 1319 patres
1376 1245 1484 1304 babere
1502 1248 1645 1320 potuerit3
1675 1265 1767 1305 unum
1796 1251 1883 1323 eujus

179 1342 308 1399 detunll
320 1339 521 1397 duobusenim
533 1340 678 1412 patribus,
685 1340 748 1412 jam
760 1355 817 1396 non
827 1339 883 1396 erit
895 1339 1003 1395 mirum
1058 1351 1146 1391 earne
1160 1335 1248 1392 homo
1264 1336 1303 1392 sit
1317 1336 1446 1409 genitus,
1468 1335 1593 1393 alterum
1609 1337 1695 1408 eujus
1719 1337 1882 1410 voluntate,

179 1445 274 1504 neque
284 1428 475 1497 eontrarium,
488 1429 566 1502 quod
576 1434 606 1486 et
616 1429 729 1485 aviduo
739 1432 768 1485 et
779 1428 854 1484 atavi
864 1430 895 1485 et
905 1426 1004 1500 proavi
1059 1439 1128 1480 eum
1140 1426 1204 1497 jam
1219 1424 1306 1481 homo
1317 1429 1405 1494 esset,
1425 1425 1505 1482 tilius
1519 1426 1558 1483 sit
1581 1426 1764 1498 adoptatus?
1787 1428 1843 1496 Qui
1857 1428 1883 1485 si

178 1535 244 1577 esse
260 1521 428 1591 potuerunt,
444 1521 472 1574 et
486 1517 631 1591 quidquid
643 1534 733 1592 supra
743 1522 789 1575 est
799 1533 892 1590 usque
903 1518 939 1573 ad
951 1523 1006 1573 Da·
1060 1528 1119 1569 non
1133 1517 1211 1569 reete
1222 1512 1330 1569 dieitur
1340 1518 1431 1586 pater,
1442 1530 1496 1570 nee
1509 1531 1562 1571 nos
1573 1519 1650 1571 reete
1660 1514 1886 1584 dicimusl'ater

179 1608 227 1665 rid
243 1607 329 1679 eujus
344 1610 427 1664 erant
440 1607 528 1663 ambo
543 1605 606 1679 tilii,
619 1611 648 1663 et
660 1608 797 1664 Salomon
814 1606 864 1680 qui
880 1606 1006 1680 pertinet
1058 1610 1163 1670 noster,
1171 1603 1222 1674 qui
1231 1618 1259 1658 es
1269 1604 1300 1658 ire
1313 1604 1389 1659 cetis
1396 1602 1502 1675 (llottb.
1517 1620 1555 1671 vr,
1571 1604 1610 1674 9),
1626 1603 1652 1660 ei
1667 1604 1703 1660 de
1713 1606 1799 1678 eujus
1809 1606 1885 1662 sub·

180 1698 217 1755 ad
234 1696 366 1755 ordinem
383 1711 470 1769 quem
482 1695 637 1754 Mattheus
648 1700 767 1753 secutus
782 1699 837 1764 est,
853 1699 881 1752 et
890 1694 1005 1751 Nathan
1060 1689 1169 1747 stantia
1182 1690 1243 1747 nati
1258 1707 1316 1747 non
1333 1708 1448 1763 sumus,
1469 1692 1520 1748 sed
1536 1692 1622 1763 eujus
1637 1692 1732 1766 gratia
1746 1696 1775 1750 et
1794 1693 1884 1752 mise·

181 1786 232 1860 qui
247 1789 292 1843 est
313 1785 344 1841 in
360 1785 435 1842 serio
449 1801 536 1855 quam
561 1785 656 1841 Lucas
675 1785 819 1858 exposuit.
844 1783 1007 1840 attendunt
1059 1778 1262 1838 rieordissima
1275 1780 1424 1838 voluntate
1438 1780 1569 1853 adoptati
1594 1781 1759 1839 seeundum
1774 1783 1886 1840 doetri-

180 1874 260 1932 euim
276 1874 331 1930 ista
346 1871 490 1939 nonnulli,
506 1872 649 1930 strident
670 1889 728 1929 non
744 1888 830 1946 posse
853 1889 871 1930 a
889 1871 1006 1929 duobus
1060 1885 1128 1926 nam
1145 1868 1335 1941 apostolicam
1350 1874 1379 1926 et
1392 1868 1597 1926 fidelissimam
1605 1872 1757 1928 veritatem
1767 1888 1886 1933 sumus.

181 1962 253 2019 viris
264 1978 315 2035 per
329 1961 577 2019 commixitionem
592 1962 689 2020 earnis
714 1961 853 2019 hominen
873 1960 965 2036 gigni,
977 1964 1008 2016 et
1061 1958 1161 2031 ipsum
1178 1958 1286 2032 quippe
1301 1959 1445 2017 habemus
1460 1965 1491 2018 et
1503 1960 1609 2032 Deum,
1624 1964 1652 2016 et
1672 1961 1840 2031 Dominum,
1856 1965 1888 2019 et

181 2053 247 2109 ideo
259 2051 457 2125 putantistam
467 2050 658 2124 questionem
668 2067 726 2108 non
737 2065 824 2124 posse
839 2049 943 2107 disolvi
955 2049 1005 2124 (elz
1061 2046 1175 2103 Patrem
1188 2063 1194 2102 :
1207 2046 1311 2119 Deum,
1327 2049 1404 2121 quod
1421 2049 1457 2105 ab
1472 2048 1547 2121 ipso,
1559 2049 1648 2106 etiam
1659 2065 1694 2106 ex
1711 2049 1883 2108 homiuibus

182 2140 412 2206 neoiutuentur,
429 2140 507 2212 quod
538 2140 767 2198 usitatissimum
796 2143 883 2212 atque
905 2137 1007 2196 sacilli·
1060 2135 1498 2208 parentibus,e0nditisumus;
1517 2137 1684 2209 Dominum,
1700 2139 1777 2212 quod
1793 2139 1819 2196 ei
1835 2157 1886 2197 su·

182 2247 265 2288 mum
280 2230 355 2297 est¹,
375 2233 489 2303 patrem
514 2229 703 2302 cujusquam,
719 2245 777 2285 nou
797 2245 866 2286 eum
891 2232 1007 2285 tantum
1060 2224 1133 2282 bditi
1150 2242 1273 2295 sumus;
1291 2226 1416 2296 Patrem,
1431 2227 1510 2299 quod
1534 2227 1598 2299 ejus
1622 2227 1778 2300 adoptione
1793 2227 1888 2286 renati

181 2319 271 2378 dieis
290 2334 348 2392 quo
363 2318 492 2394 genitus,
507 2318 560 2375 sed
587 2318 676 2376 etism
704 2333 771 2375 eum
801 2334 819 2374 a
847 2333 904 2391 quo
920 2317 1008 2374 luerit
1061 2329 1178 2371 sumus.

182 2410 341 2482 adoptatus
357 2408 406 2481 (b).
1097 2403 1191 2460 Facile
1199 2403 1330 2477 luitergo
1341 2403 1486 2478 religiosis
1496 2405 1763 2478 perserutatoribus
1774 2406 1890 2465 divina·

219 2498 319 2570 Neque
334 2497 413 2554 enirn
429 2494 595 2571 adoptionis
609 2494 761 2556 vinculum
776 2495 854 2569 apud
868 2495 1008 2570 antiquos
1061 2509 1128 2550 rum
1138 2492 1541 2568 bitterarum,aliquantulum
1552 2494 1781 2564 considerasset
1788 2497 1888 2554 ridere

184 2584 315 2644 alienum
325 2586 361 2643 ab
371 2601 472 2642 eorum
485 2585 616 2643 moribus
627 2585 692 2655 init,
704 2601 772 2642 eum
783 2585 871 2643 etiam
883 2584 1008 2643 seminas
1061 2581 1091 2640 in
1100 2582 1223 2640 diversis
1231 2582 1338 2640 Christi
1347 2583 1586 2657 generationibus
1597 2583 1893 2658 aduobusevangeli·

182 2674 370 2732 inveniamus
384 2675 538 2748 adoptasse
551 2674 609 2731 sibi
624 2673 711 2742 lilios,
726 2691 785 2731 non
808 2689 843 2731 ex
858 2678 939 2733 utero
954 2690 1008 2732 suo
1062 2671 1117 2729 stis
1126 2672 1606 2745 commemoratisquomododuos
1616 2677 1713 2745 patres
1724 2676 1821 2747 potuit
1835 2675 1891 2732 ha-

184 2767 286 2822 natos:
298 2763 375 2821 sient
384 2767 456 2820 Sara
469 2779 504 2820 ex
519 2765 597 2837 Agar
610 2763 690 2837 (Gen.
702 2780 761 2831 xvi,
771 2763 843 2837 2),et
852 2763 902 2820 hia
914 2780 950 2821 ex
960 2780 1010 2820 an·
1061 2763 1131 2821 bere
1155 2761 1273 2835 loseph,
1289 2778 1415 2836 quorum
1427 2761 1627 2836 progenitores
1643 2763 1749 2821 diversi
1762 2779 1892 2822 enume-

186 2852 254 2911 eilla
268 2870 323 2910 sua
336 2853 390 2926 (ld.
406 2870 470 2922 xxx,
486 2854 575 2927 9-13),
585 2852 684 2910 etlilia
700 2852 876 2910 phraraonis
891 2853 1009 2927 Moysen
1062 2851 1234 2909 sentuniloe
1244 2852 1376 2918 etvos,si
1386 2852 1519 2908 studium
1529 2852 1889 2911 contentionisuonexeae·

188 2943 337 3016 adoptavit
351 2943 451 3013 (deod.
463 2959 495 3015 11,
507 2943 536 3010 9,
549 2943 603 3011 10).
615 2947 682 3016 lpse
697 2946 796 2999 autem
810 2942 911 3012 Jacob,
920 2958 1010 3014 nepo·
1062 2941 1340 3013 earet,iaoilevidere
1348 2940 1889 3013 possetis.Sedabillisviriaaliaetiam

189 3034 234 3088 tes
253 3048 334 3101 suos,
351 3031 427 3088 filios
437 3031 546 3105 loseph
557 3030 790 3104 adoptavitffien.
803 3048 902 3099 xnvur,
914 3032 954 3102 5).
964 3031 1010 3106 lp·

188 3118 923 3193 sum'veroadoptiouisnrmanplurimumvalereln
939 3137 1011 3177 nos·

187 3211 240 3264 tre
255 3207 322 3265 ddei
337 3212 531 3275 sacramento,
547 3207 707 3281 apostoliea
728 3207 860 3265 doetrina
873 3213 1008 3267 testatur.

187 3296 270 3354 Unde
281 3297 431 3371 apostolus
446 3296 553 3354 Paulus
567 3313 635 3353 eum
650 3298 686 3354 de
707 3298 876 3355 iudeorum
896 3299 1010 3356 meritis

185 3384 373 3458 loqueretur:
384 3390 510 3458 Quorum
523 3389 573 3456 est,
585 3386 690 3459 inquit,
701 3387 818 3458 adoptio,
832 3387 972 3458 etplorie,
982 3393 1011 3446 et

185 3475 365 3545 Testamenta,
373 3483 399 3531 et
406 3477 558 3546 legislatio
562 3492 700 3550 meorum
707 3479 848 3548 petrensi
862 3479 1009 3551 exquibus

184 3564 308 3622 Christus
319 3566 471 3622 secondom
484 3581 609 3635 comem,
623 3567 673 3639 qai
685 3572 820 3638 estsuper
834 3569 929 3625 omnio
938 3569 1009 3626 Deus

184 3654 340 3711 benedictus
354 3656 385 3711 irs
399 3655 505 3713 mersio
518 3655 605 3727 (Rom.
621 3671 661 3722 1x,
677 3654 705 3725 l,
719 3654 758 3724 5).
778 3656 846 3713 ltem
872 3657 940 3713 dicit
954 3674 961 3713 ι
974 3659 1007 3716 lit

182 3744 238 3816 ipsi
252 3746 282 3800 in
291 3745 491 3817 nobbmeiipsis
501 3745 718 3816 ingemiscimus,
727 3744 903 3817 adoptionem
913 3762 1007 3820 exspe-

181 3841 285 3889 ctantes
298 3833 422 3905 fitiomm
445 3833 510 3889 liei¹
534 3834 750 3906 redemptionem
772 3836 896 3907 corporis
918 3838 1008 3893 neeri

181 3920 232 3995 (ld.
249 3937 309 3983 vur,
323 3921 382 3989 23).
399 3920 470 3977 Item
482 3920 538 3978 alio
554 3920 617 3979 loeo
630 3938 637 3979 :
649 3922 717 3979 com
731 3930 822 3979 asem
836 3925 1006 3996 venitpleni·

180 4007 248 4064 tredo
261 4009 401 4081 temporis,
410 4010 489 4065 misit
504 4009 572 4065 beas
583 4010 686 4066 Filium
694 4026 775 4067 seem
783 4011 889 4085 [actum
899 4028 936 4070 ee
944 4031 1005 4070 me-

117 4127 121 4133 ·
181 4096 261 4163 liere,
271 4100 374 4169 tortam
387 4098 526 4170 sublege,
539 4106 571 4155 ut
583 4114 628 4155 ees
639 4100 690 4172 qm'
702 4099 753 4156 aab
762 4100 832 4170 Leqe
840 4105 920 4157 eram
934 4102 1007 4160 redi-

184 4194 281 4252 meret,
292 4195 323 4242 et
333 4186 504 4258 adoptionem
518 4187 645 4259 filiorem
658 4189 842 4261 reciperemus
856 4189 956 4262 (Goion
966 4209 1006 4261 ιν,

182 4274 209 4330 l.
224 4273 263 4343 5),
279 4274 345 4331 llee
359 4274 451 4349 igitur
465 4274 582 4348 adoptio
598 4277 700 4349 quanti
710 4278 887 4334 sacramenti
898 4278 946 4350 sit,
958 4278 1006 4336 his

181 4368 268 4436 atque
284 4362 452 4437 hujusmodi
463 4363 640 4422 testimoniis
652 4365 725 4422 satis
735 4368 866 4440 apparet.
879 4366 1004 4425 Uuloum

182 4452 259 4508 enim
273 4453 380 4511 Filium
392 4458 469 4510 Deus
478 4452 576 4524 habet,
588 4454 783 4528 quemgenuit
792 4457 829 4512 de
839 4456 1007 4514 substantia

181 4557 246 4608 sua,
260 4542 295 4598 de
305 4558 362 4615 quo
374 4542 501 4600 dieitur:
519 4542 587 4599 Cum
600 4545 629 4600 in
639 4545 731 4615 sermo
742 4544 790 4602 liei
799 4548 878 4616 esset,
892 4561 946 4602 nos
957 4563 1004 4602 re-

180 4631 277 4704 pinom
293 4630 443 4687 arbitretur
457 4635 496 4688 est
511 4647 568 4688 esse
581 4631 697 4706 equalis
707 4636 764 4689 Deo
778 4631 912 4705 (Philipp.
921 4650 953 4705 11,
964 4634 1004 4703 6).

181 4718 240 4776 Nos
249 4722 349 4776 autem
362 4737 419 4776 nou
432 4719 581 4777 subtantia
592 4737 646 4778 sua
655 4720 772 4794 genuit:
784 4724 917 4778 ereatura
926 4722 1005 4779 enim

181 4823 297 4877 sumus,
315 4826 403 4882 quam
429 4825 487 4865 non
508 4810 619 4882 genuit,
637 4811 686 4866 sed
717 4809 785 4867 ieeit
806 4827 814 4869 ε
837 4814 867 4869 et
881 4811 956 4879 ideo,
973 4816 1007 4869 ut

180 4897 286 4955 iratres
313 4897 420 4955 Christi
435 4898 596 4955 seeundum
615 4899 735 4955 modum
759 4899 866 4955 suum⁸
887 4900 1003 4974 laoeret,

181 4987 402 5061 adoptavitlste
412 4986 511 5060 itaque
528 4987 702 5060 modusque
713 5005 768 5045 nos
780 4990 1004 5065 bens,eumjsm

179 5092 313 5135 essemus
331 5076 368 5133 ab
383 5075 447 5149 ipso
462 5092 519 5133 non
535 5076 606 5149 nati,
622 5077 674 5134 sed
687 5077 797 5135 conditi
813 5082 842 5136 et
864 5078 1003 5151 instituti,

179 5165 267 5224 verbe
277 5182 332 5223 suo
349 5170 379 5223 et
395 5165 764 5239 gratiasuagenuitutdlii
779 5169 844 5242 ejus
858 5184 1002 5240 essemus,

213 5378 222 5414 ¹
237 5377 346 5445 aliquot
359 5379 622 5441 isss.,es·iae·e·mum
632 5380 946 5448 etqeelreqaentissimem
956 5391 1003 5437 est.

182 5440 437 5556 nizaeegssplgorrsm
443 5443 499 5504 Dei,
511 5456 527 5495 a
540 5444 603 5494 llas.
619 5446 646 5494 et
659 5442 694 5495 ab
704 5445 1002 5509 antiquiorlbaseditio·

211 5565 222 5601 ⁸
235 5566 275 5617 lta
288 5567 316 5616 ln
330 5567 393 5617 llas.
406 5570 440 5619 At
452 5568 481 5618 ln
495 5569 583 5629 edltis,
595 5572 721 5620 nostrum.

105 5644 178 5760 ι
209 5642 618 5775 erueremu-
741 5651 767 5704 ’-

412 5745 618 5773 ......

1063 3029 1186 3103 quesita
1196 3035 1224 3087 et
1232 3030 1349 3088 iuventa
1357 3034 1506 3100 sunt,oum
1514 3046 1617 3087 omnes
1629 3031 1732 3088 harum
1743 3032 1892 3089 narratio·

1062 3135 1134 3175 auru
1145 3124 1476 3193 parteaperlractarent:
1487 3121 1546 3176 hee
1557 3123 1655 3176 autem
1666 3125 1787 3177 avestro
1807 3121 1897 3178 intel·

1062 3206 1138 3264 laetu
1155 3208 1326 3281 longissime
1337 3213 1450 3265 remota
1460 3216 1539 3265 sunt.
1552 3208 1748 3280 ltaqueetiam
1760 3209 1892 3267 inblaui·

1062 3294 1133 3352 ohel
1153 3312 1250 3353 errore
1269 3296 1431 3362 constituti,
1451 3296 1479 3352 id
1495 3297 1574 3369 qued
1595 3296 1626 3352 in
1642 3298 1730 3354 rebus
1746 3296 1888 3356 humanis

1062 3383 1125 3441 lieri
1140 3384 1224 3455 solet,
1240 3384 1359 3441 utalius
1374 3400 1461 3441 earne
1475 3389 1595 3458 generet
1608 3384 1714 3454 tilium,
1729 3386 1804 3444 alius
1814 3404 1886 3446 eum

1060 3472 1208 3531 voluntale
1223 3474 1350 3546 adoptet,
1367 3490 1400 3530 ae
1415 3473 1457 3532 sie
1473 3491 1550 3531 unus
1569 3475 1643 3531 duos
1658 3479 1755 3549 patrea
1766 3475 1885 3549 babeat,

1060 3562 1155 3621 sinon
1184 3564 1305 3621 adverso
1320 3562 1419 3621 animo
1433 3562 1581 3638 legeretis,
1605 3563 1758 3636 rogitando
1785 3566 1886 3624 ridere

1060 3653 1195 3728 possetis.

1095 3743 1211 3800 CAPUT
1223 3743 1269 3800 lV.
1286 3774 1320 3785 -
1334 3742 1393 3799 Cur
1407 3747 1506 3800 autem
1516 3742 1672 3800 Mattheus
1683 3742 1720 3801 ab
1733 3743 1883 3803 Abraham

1058 3833 1187 3905 caeperit,
1199 3831 1379 3889 descendens
1392 3832 1527 3904 usquead
1538 3831 1659 3905 ioseph3
1672 3833 1767 3890 Luoas
1781 3838 1883 3893 autem

1057 3920 1711 3995 alosepbemperit,aseendens,nonusquead
1722 3922 1883 3996 abraham,

1057 4011 1108 4068 sed
1125 4026 1219 4082 usque
1231 4010 1267 4066 ad
1277 4009 1369 4066 Deum
1380 4010 1430 4082 qui
1441 4009 1508 4066 lecit
1519 4008 1679 4082 bominem,
1695 4011 1799 4069 etdato
1810 4028 1885 4086 prae·

1057 4102 1140 4172 septo
1156 4102 1330 4170 potestatem
1344 4098 1424 4154 dedit
1438 4101 1469 4154 ut
1481 4099 1603 4156 eredens
1614 4099 1694 4157 filius
1708 4100 1760 4157 Dei
1775 4101 1859 4159 fleret
1875 4118 1883 4161 :

1057 4192 1086 4245 et
1097 4205 1151 4245 eur
1164 4186 1214 4244 ille
1224 4187 1253 4242 in
1261 4187 1355 4259 eapite
1370 4186 1435 4243 libri
1451 4189 1655 4260 generationes
1667 4190 1747 4259 ipsas
1756 4206 1882 4247 enume-

1056 4277 1133 4334 ravit
1145 4294 1153 4346 ;
1165 4276 1213 4333 ille
1227 4279 1337 4343 autem,
1354 4293 1421 4333 eum
1437 4276 1579 4333 Dominus
1598 4277 1729 4335 Salvator
1742 4295 1760 4335 a
1771 4279 1885 4337 Joanne

1056 4365 1220 4438 baptizatus
1231 4364 1350 4422 luisset:
1362 4368 1391 4422 ot
1405 4365 1476 4438 quid
1492 4364 1548 4422 sibi
1563 4365 1631 4422 velit
1641 4383 1783 4425 numerus
1792 4384 1883 4441 gene·

1057 4455 1195 4512 rationun
1211 4454 1373 4511 seeundum
1386 4453 1568 4524 Matthaeum,
1581 4458 1613 4511 ut
1628 4460 1672 4512 ter
1682 4458 1884 4530 quatordecim

1057 4544 1237 4618 digerantur,
1254 4544 1362 4618 quibus
1382 4544 1411 4599 in
1435 4560 1584 4601 summam
1605 4547 1790 4618 computatis,
1815 4551 1883 4605 tan·

1056 4635 1165 4707 qusm¹
1183 4649 1241 4689 uua
1255 4633 1354 4689 minus
1366 4638 1514 4707 appareat;
1529 4651 1669 4692 numerus
1679 4640 1778 4692 autem
1792 4651 1883 4710 gene·

1056 4722 1203 4779 rationum
1219 4722 1383 4779 seeundum
1396 4722 1516 4791 Luoam,
1534 4723 1630 4796 quiin
1655 4724 1801 4798 baptismo
1824 4725 1883 4784 Do·

1055 4811 1128 4869 mini
1147 4815 1405 4881 commemoratur,
1416 4811 1451 4868 ad
1462 4811 1650 4886 septuaginta
1660 4818 1808 4887 etseptem
1818 4832 1883 4887 per-

1054 4900 1167 4958 ueniat:
1178 4915 1266 4973 quem
1282 4916 1439 4957 numerum
1454 4900 1517 4974 ipse
1533 4901 1674 4960 Dominus
1699 4903 1728 4960 in
1746 4909 1881 4977 peoeato·

1056 5006 1121 5046 rum
1137 4987 1341 5046 remissionem
1359 4989 1546 5046 commendat
1569 4990 1683 5058 dicens,
1699 4992 1882 5052 lienteriam

1054 5077 1322 5151 semianimesque
1349 5079 1505 5149 septuagies
1531 5080 1628 5150 septies
1650 5080 1700 5154 (ld.
1713 5097 1793 5154 xvm,
1809 5083 1856 5156 22)
1873 5099 1881 5141 ι

1054 5166 1137 5223 nullo
1149 5169 1234 5238 paeto
1249 5164 1389 5239 indagare
1411 5165 1547 5239 possetis,
1562 5166 1620 5223 uisi
1645 5170 1698 5224 aut
1717 5168 1753 5225 ab
1780 5167 1882 5242 aliquo

1053 5253 1196 5314 catholieo
1211 5254 1240 5311 id
1256 5254 1407 5325 audiretis,
1424 5270 1481 5311 non
1493 5254 1633 5328 quolibet,
1649 5256 1700 5314 sed
1712 5256 1881 5316 divinarum

1054 5344 1275 5419 Soripturarum
1289 5342 1433 5413 studioso,
1449 5349 1478 5400 et
1493 5348 1636 5417 quantum
1652 5350 1762 5421 posset,
1774 5347 1883 5424 peritm

1053 5438 1104 5492 aut
1117 5432 1176 5508 ipsi
1190 5434 1226 5491 ab
1241 5448 1340 5490 errore
1354 5432 1486 5504 eorrecti,
1505 5433 1614 5506 pietate
1634 5435 1780 5495 catholiea
1800 5442 1883 5512 pete·

1052 5521 1122 5579 retis
1137 5527 1169 5578 ut
1183 5520 1365 5595 soeiparetis,
1381 5521 1551 5595 quarerstis
1566 5527 1598 5580 ut
1608 5523 1789 5601 inveniretis,
1812 5527 1882 5601 pul·

1051 5609 1156 5669 seretis
1170 5613 1204 5666 ut
1214 5609 1372 5668 intraretis.

1082 5718 1092 5756 ¹
1106 5716 1186 5780 solu,
1201 5718 1298 5770 temes.
1310 5714 1346 5768 m
1358 5716 1431 5782 las,
1445 5717 1579 5785 termes.
