3908 6128
132 308 190 368 sta
689 309 742 368 Dll
763 304 987 380 TlilNl'l'ATll,
1012 308 1045 367 S.
1061 303 1275 370 AUGUS'llNl
1782 308 1841 374 att

132 456 234 496 carnes
250 438 278 492 in
296 438 386 494 uteris
405 443 543 502 matrum,
570 443 601 493 at
623 439 755 494 scitantur
780 436 953 493 ntorituri¹l
1009 439 1122 511 generis
1134 439 1272 495 animalia
1284 438 1358 512 (Gen.
1368 458 1387 511 1,
1397 440 1433 494 20
1448 441 1504 512 25).
1517 438 1617 513 Neque
1627 441 1707 497 enirn
1719 445 1793 499 tunc
1808 442 1838 501 in

131 530 186 584 Sed
201 544 268 584 cum
285 528 359 583 liunt
372 527 423 583 illa
438 528 607 584 continuato
623 528 708 600 quasi
724 528 851 600 quodam
867 525 954 582 fluvio
1009 527 1213 598 hujuscemodi
1229 529 1305 585 letus
1321 529 1361 586 ita
1372 530 1622 602 productasunt¹,
1635 530 1709 588 utin
1720 531 1765 588 cis
1776 550 1838 606 qua

130 616 292 674 labentium
308 617 550 689 manantiumque
566 634 674 685 rerum,
689 620 718 672 et
736 632 771 672 ax
785 614 908 682 occulto,
924 613 954 670 in
1010 617 1151 688 producta
1162 618 1284 675 suntvis
1295 617 1345 674 illa
1355 620 1589 692 consumptasit:
1599 621 1651 678 sed
1662 620 1837 695 plerumque

130 711 312 780 promptum,
325 707 413 778 atque
432 722 465 761 er
482 711 617 779 prompto
642 705 670 762 in
685 706 831 762 occultum
847 703 956 760 usitato
1009 707 1255 779 desuntcongrua
1267 714 1566 781 temperamentorum
1577 711 1762 778 occasiones,
1774 713 1837 784 qui·

130 796 236 853 itinere
249 795 480 863 transeuntium,
496 794 642 851 naturalia
656 795 812 851 dicuntur:
829 810 896 849 aum
907 809 956 849 va·
1009 793 1066 849 bus
1077 802 1243 868 erumpant,
1255 801 1284 852 et
1295 798 1407 869 species
1418 815 1488 854 suas
1499 804 1653 873 peragant.
1669 804 1744 857 Ecce
1759 803 1835 857 enim

130 903 162 942 ro
183 884 376 942 admonendis
399 883 569 940 bominibus
592 884 733 940 inusitata
756 881 953 940 mutabilitate
1008 883 1198 940 brevissimus
1210 884 1530 956 surculussemenest;
1548 905 1616 945 nam
1629 889 1837 946 convenienter

129 974 315 1049 ingeruntur,
329 973 477 1048 magnalia
492 972 693 1029 nominantur.
1007 973 1163 1030 mandatus
1174 979 1255 1030 terrae
1266 975 1398 1032 arborem
1410 976 1487 1033 lacit.
1504 976 1601 1047 Hujus
1611 983 1711 1034 antem
1724 978 1836 1035 surculi

164 1062 281 1120 caput
298 1062 356 1122 vlt.
373 1094 405 1104 -
424 1064 466 1118 ta.
489 1062 621 1118 ltiroaata
645 1079 746 1134 mopso
765 1076 816 1134 per
830 1061 952 1130 magicas
1005 1060 1835 1140 subtiliussemeaaliquodejusdemgeuerisgrsnumest,

126 1149 952 1225 ortes.llocvideoquidinllrmaecogitationipassitoccur-
1004 1148 1836 1231 etbacusque’nobisvisibiletamvernbujusstiamgn·

62 1298 64 1303 .
127 1238 689 1314 rere,curaciiicetistamiraculaetiam
701 1237 824 1311 magicis
837 1236 950 1293 artibus
1005 1238 1034 1294 ai
1046 1256 1144 1296 semen
1157 1241 1289 1309 quamvis
1302 1242 1500 1300 oculisvidere
1515 1261 1709 1316 nequeamus,
1723 1248 1834 1305 ratione

126 1332 212 1389 liant:
221 1327 949 1404 nametmagiPharoouissimiliterserpentesseca·
1004 1332 1100 1384 tameo
1110 1331 1252 1402 conjicere
1260 1348 1436 1404 possumus:
1452 1334 1523 1404 quia
1536 1333 1593 1390 nisi
1604 1333 1671 1391 talis
1679 1335 1834 1409 aliquavis

125 1426 205 1489 runt,
222 1426 250 1477 et
265 1422 322 1476 alia
335 1419 454 1476 similia.
469 1419 523 1475 Sed
538 1415 949 1489 illudampliusestadmiran·
1003 1417 1189 1475 essetinistis
1201 1419 1364 1489 elementis,
1381 1438 1438 1477 non
1453 1421 1626 1495 plerumque
1640 1432 1834 1482 nascerentur

125 1506 950 1582 dum,quomodomagorumillapotentia,quaserpentes
1003 1512 1129 1564 exterra
1144 1508 1261 1581 quaint
1276 1510 1421 1566 seminata
1436 1528 1495 1567 nou
1507 1518 1624 1581 essent3
1646 1529 1701 1570 asc
1721 1514 1834 1571 anima·

125 1595 950 1672 tacerepotuit‚ubiadmuscasminutissimasventumast
1003 1595 1042 1652 lia
1057 1603 1117 1652 tam
1134 1597 1236 1666 atalia,
1254 1598 1334 1655 nulla
1349 1600 1474 1656 marium
1497 1600 1735 1675 feminarumque
1750 1619 1833 1659 com·

125 1688 245 1746 omnino
255 1687 369 1743 deiecit.
384 1686 545 1760 Scyniphes
562 1686 640 1742 enim
653 1683 793 1740 muscula
805 1688 874 1738 sunt
884 1682 948 1738 bre-

124 1777 261 1845 vissimae,
276 1793 333 1847 qua
343 1776 429 1833 tertia
444 1774 529 1848 plaga
543 1775 688 1848 superbus
705 1772 831 1846 populus
848 1777 948 1845 AEgyp·

125 1866 232 1923 tiorum
249 1866 424 1931 cedebatur.
439 1863 482 1919 lbi
498 1869 574 1919 certe
590 1863 758 1919 deficientes
774 1862 851 1934 magi
867 1862 948 1917 dixe·

125 1960 212 2012 runt:
229 1956 336 2027 bipitua
350 1954 399 2010 liei
411 1961 451 2009 est
466 1953 531 2009 toc¹
549 1952 644 2025 (baad.
662 1970 710 2022 vit,
726 1961 752 2008 et
767 1952 850 2023 vua).
867 1950 949 2007 Unde

124 2042 249 2116 intelligi
266 2044 362 2112 datur,
378 2059 415 2099 ne
430 2042 511 2115 ipsos
526 2042 645 2114 quidem
656 2046 889 2114 transgressores
901 2055 950 2094 sn·

123 2133 203 2206 galas
218 2138 248 2188 et
257 2148 356 2189 aereas
367 2134 536 2204 potestates,
550 2131 680 2187 inimum
694 2131 780 2187 istam
792 2129 947 2202 caliginem

122 2228 265 2295 tanquam
281 2221 310 2276 in
321 2220 367 2277 sui
378 2220 493 2294 generis
505 2237 659 2291 carcerem,
671 2220 707 2275 ab
720 2219 799 2275 illius
809 2217 949 2276 sublimis

121 2309 947 2382 ethereaspuritatishabitationedetrusas,perqnaema-

121 2400 194 2473 giers
204 2404 282 2456 artes
293 2398 569 2472 possuntquidquid
579 2402 713 2471 possunt,
722 2396 818 2454 valere
826 2395 946 2469 aliquid,

122 2488 179 2545 uisi
196 2489 264 2545 data
279 2488 405 2561 desuper
419 2490 572 2560 potestate.
583 2486 675 2542 Datur
685 2490 783 2542 autem
793 2485 837 2543 vel
850 2487 884 2542 ad
898 2485 949 2541 lal-

122 2577 224 2634 leados
240 2576 368 2644 fallaces,
385 2577 461 2633 sicut
475 2575 504 2631 in
515 2575 675 2649 AEgp‘ptioa
688 2579 717 2632 et
728 2575 757 2631 in
768 2575 848 2648 ipsos
858 2575 945 2631 etiam

122 2683 224 2741 magos
238 2669 307 2723 data
321 2672 374 2736 est,
392 2670 424 2722 ut
439 2666 467 2721 in
482 2682 583 2722 eorum
599 2664 756 2737 spirituum
779 2665 948 2722 seductione

123 2756 292 2814 viderentur
302 2756 467 2812 admirandi
479 2772 495 2810 a
506 2755 614 2828 quibus
623 2755 739 2825 debant,
748 2772 764 2810 a
772 2755 819 2810 Dei
828 2754 947 2810 veritate

123 2845 283 2903 damnandi
297 2864 303 2913 ;
320 2845 363 2902 vel
380 2846 416 2901 ad
431 2845 632 2900 admonendos
648 2843 757 2915 fideles,
773 2860 808 2898 nc
823 2842 880 2899 tale
894 2843 945 2898 aii·

19 2962 24 2971 ·
123 2936 194 3008 quid
212 2936 305 2992 lacera
328 2952 379 3009 pro
404 2950 511 3007 magno
536 2933 709 2998 desiderent,
735 2931 946 3005 propterquod

124 3025 211 3080 etiam
225 3024 308 3080 uobis
320 3023 474 3096 Scripturas
487 3021 658 3079 auctoritate
670 3027 739 3077 sunt
757 3021 871 3094 prodita
883 3039 890 3089 ;
902 3021 946 3080 vsl

124 3110 946 3185 adexeraendam,probandam,manifestandamquejus·

122 3199 948 3273 torumpatientiamNequeenimparvavisibiiiummira-

123 3291 256 3348 culorum
269 3291 406 3363 potentia,
419 3291 589 3346 Jabcuncta
607 3304 671 3361 qua
691 3287 815 3345 babebat
835 3289 945 3359 amisit,

122 3384 151 3437 ct
164 3378 240 3436 illios
255 3384 284 3435 et
300 3379 395 3452 ipsam
410 3377 541 3451 corporis
556 3377 713 3433 sanitatem
730 3378 799 3450 (tob.
815 3395 824 3434 1
838 3381 863 3434 et
879 3378 921 3449 ιι).

156 3468 272 3525 CAPUT
283 3468 355 3526 llill.
367 3500 402 3510 —
413 3469 455 3523 13.
466 3469 546 3523 Solus
557 3467 627 3522 licus
636 3475 709 3523 creat
717 3468 802 3524 ctiam
817 3468 868 3524 illu
884 3482 946 3540 quae

1003 1686 1144 1742 mixtione
1160 1688 1350 1760 precedente,
1367 1689 1473 1746 sivein
1498 1694 1587 1760 terra,
1612 1689 1672 1748 sive
1698 1692 1728 1746 in
1742 1710 1833 1765 aqna,

1003 1793 1065 1848 qaae
1082 1781 1178 1832 tamen
1195 1784 1329 1834 crescunt
1344 1783 1373 1834 et
1387 1780 1520 1837 coeundo
1537 1779 1594 1837 alia
1615 1780 1747 1853 pariunt,
1764 1798 1833 1840 cam

1002 1863 1052 1919 illa
1067 1863 1156 1919 nullis
1172 1865 1343 1922 coeuntibus
1360 1866 1531 1938 parentibus
1544 1860 1608 1922 orta
1622 1867 1694 1924 sint.
1708 1872 1741 1923 at
1754 1874 1834 1925 certe

1002 1969 1071 2024 apes
1087 1952 1200 2008 semina
1213 1952 1339 2011 liliorum
1355 1972 1413 2011 non
1429 1956 1560 2012 coeundo
1575 1955 1762 2029 concipiunt,
1781 1957 1832 2013 sed

1002 2045 1140 2113 tanquam
1158 2058 1262 2114 sparsa
1276 2060 1327 2114 per
1339 2047 1431 2099 terras
1447 2061 1496 2100 ore
1515 2042 1666 2116 colligunt.
1693 2044 1833 2101 invisibi-

1002 2129 1075 2186 lium
1092 2131 1169 2187 enim
1186 2132 1333 2187 seminum
1350 2140 1469 2200 creator,
1489 2131 1552 2205 ipse
1576 2136 1689 2189 creator
1704 2137 1753 2189 ast
1769 2149 1833 2190 um·

1002 2218 1083 2275 nium
1100 2237 1216 2276 rerum:
1239 2221 1378 2292 quoniam
1405 2237 1595 2294 quacumque
1619 2222 1773 2278 nascendo
1795 2222 1832 2279 ad

1001 2309 1101 2364 oculos
1117 2315 1233 2365 nostros
1248 2315 1365 2378 exeunt,
1381 2326 1416 2367 ex
1430 2311 1553 2367 occultis
1573 2310 1740 2367 seminibus
1754 2312 1833 2368 acci·

1001 2398 1086 2470 piunt
1099 2398 1304 2471 progrediendi
1320 2398 1491 2472 primordia,
1506 2404 1535 2455 et
1548 2400 1730 2456 incrementa
1746 2400 1832 2458 debi-

1001 2491 1035 2541 ta
1052 2487 1263 2560 magnitudinis
1275 2487 1537 2561 distinctionesque
1548 2489 1709 2545 formarum
1721 2491 1761 2546 ab
1773 2490 1832 2547 ori·

1000 2574 1148 2647 ginalibus
1164 2581 1305 2650 tanquam
1323 2576 1431 2651 regulis
1447 2583 1578 2634 sumunt.
1595 2578 1678 2634 Sicut
1691 2595 1765 2652 ergo
1777 2595 1831 2637 nec

1001 2669 1136 2737 parentes
1148 2664 1273 2721 dicimus
1286 2671 1430 2722 creatores
1440 2665 1606 2737 hominum,
1617 2683 1671 2722 neo
1682 2668 1832 2740 agricolas

1001 2759 1144 2810 creatores
1155 2755 1282 2827 tragum,
1296 2754 1430 2828 quamvis
1440 2771 1541 2811 aarum
1552 2757 1737 2813 extrinsecus
1749 2756 1833 2814 adbi-

1001 2842 1072 2897 bitis
1085 2843 1213 2899 motibns
1229 2844 1284 2898 iata
1299 2845 1425 2899 creanda
1440 2843 1490 2900 Dei
1506 2845 1598 2900 virtus
1613 2844 1742 2901 interius
1758 2863 1832 2919 ops·

1001 2935 1094 2987 retur:
1112 2932 1152 2987 ita
1169 2949 1225 2987 uon
1242 2931 1337 2988 solum
1350 2933 1452 3000 malos,
1466 2933 1516 2989 sed
1530 2949 1581 2989 nec
1592 2934 1684 2989 bonos
1698 2935 1831 3009 Angelos

1001 3020 1044 3075 fas
1057 3027 1102 3076 est
1116 3025 1217 3093 putare
1233 3027 1386 3085 creatores,
1403 3020 1428 3076 si
1444 3039 1495 3093 pro
1518 3022 1681 3078 subtilitate
1696 3024 1746 3079 sui
1764 3041 1833 3081 seu·

1001 3126 1051 3165 sus
1067 3116 1095 3165 et
1109 3110 1248 3182 corporis,
1261 3111 1373 3166 semina
1385 3127 1479 3166 rerum
1494 3109 1616 3167 istarum
1632 3113 1720 3168 nobis
1733 3114 1833 3171 occul·

1000 3199 1274 3267 tiaranoverunt,et
1282 3214 1315 3254 ea
1325 3216 1375 3272 per
1383 3216 1527 3272 congruas
1536 3203 1769 3272 temperationes
1778 3202 1834 3261 ele·

1001 3293 1165 3344 mentorum
1178 3287 1604 3361 latenterspargunt‚atqueita
1610 3290 1829 3363 gignendarum

1004 3395 1101 3434 rernm
1119 3384 1148 3434 et
1163 3377 1418 3434 accelerandorum
1431 3376 1680 3435 incrementorum
1698 3381 1831 3453 praebent

999 3469 1178 3525 occasiones.
1194 3466 1248 3522 Sed
1266 3483 1318 3523 nsc
1333 3466 1401 3523 boni
1416 3467 1489 3535 bac,
1505 3467 1561 3523 nisi
1587 3472 1737 3540 quantum
1753 3470 1828 3528 Deus

120 3554 724 3636 magicisartibastranstomaontmNmideo
732 3558 946 3629 putandumest
995 3558 1089 3629 jubet,
1100 3572 1152 3611 nee
1161 3555 1228 3611 mali
1239 3554 1300 3610 bac
1308 3554 1417 3627 injuste
1426 3554 1546 3621 iaciunt,
1554 3556 1827 3632 nisiquantumjus·

120 3645 619 3720 ististransgressoribusangelised
632 3653 738 3701 nutum
750 3647 858 3703 servire
868 3646 944 3705 hanc

119 3737 280 3794 visibilium
295 3752 393 3794 rerum
409 3735 571 3806 materiam,
589 3735 638 3790 sed
657 3735 713 3790 Deo
728 3735 837 3807 potius,
854 3753 944 3809 aquo

998 3651 1026 3702 te
1041 3648 1102 3716 ipse
1118 3644 1271 3717 permittit.
1292 3644 1365 3700 Nam
1389 3643 1481 3714 iniqui
1506 3644 1619 3700 malitia
1644 3646 1823 3705 voluntatem

998 3752 1083 3792 suam
1097 3733 1185 3790 babet
1200 3733 1341 3806 injustam
1355 3753 1362 3802 ς
1384 3737 1557 3806 potestatem
1579 3740 1679 3790 autem
1696 3753 1756 3792 non
1772 3735 1821 3792 nial

119 3827 181 3883 hac
194 3826 427 3899 potestasdatur‚
438 3827 583 3897 quantum
594 3823 622 3879 in
635 3823 754 3879 sublimi
768 3826 944 3898 etspiritua·
994 3827 1075 3897 justa
1091 3823 1223 3896 accipet,
1239 3823 1299 3878 sive
1315 3823 1350 3879 ad
1368 3839 1481 3895 poensm
1503 3839 1601 3893 suam,
1626 3824 1688 3880 sive
1703 3825 1741 3882 ad
1756 3825 1818 3881 alio·

120 3915 141 3972 li
157 3917 226 3971 sede
239 3913 624 3984 incommutabilisjudicat.
650 3913 722 3968 Nam
747 3917 775 3970 et
795 3915 944 3972 damnatis

122 4005 231 4077 iniquis
246 4003 334 4060 etism
350 4003 379 4058 in
405 4001 524 4058 metello
548 4002 654 4057 servit³
677 4019 753 4074 aqua
774 4007 802 4058 st
823 4003 899 4075 ignis
915 4009 944 4061 st

121 4097 209 4164 terra,
226 4097 257 4148 ut
273 4093 390 4159 saciant,
403 4090 471 4146 inde
485 4091 563 4162 quod
587 4089 698 4162 volunt,
723 4092 774 4147 sed
799 4098 942 4163 quantum

121 4182 237 4241 sinitur.
254 4183 311 4239 Neo
327 4198 397 4238 sane
413 4184 556 4236 creatores
569 4177 612 4234 illi
631 4180 700 4235 mali
716 4180 811 4252 angeli
827 4181 942 4238 dicendi

120 4283 199 4339 suut,
216 4272 285 4344 quia
300 4288 352 4344 par
372 4269 438 4327 illos
464 4268 539 4341 magi
567 4269 735 4324 resistentes
758 4270 866 4328 famulo
891 4271 942 4329 Dei

119 4379 205 4421 ranas
231 4368 259 4419 et
282 4369 430 4436 serpentes
455 4361 604 4418 lecerunt:
631 4376 688 4416 non
713 4361 791 4416 enim
817 4362 872 4435 ipsi
893 4380 943 4421 eas

118 4456 297 4508 creaverunt.
315 4451 452 4508 Omnium
469 4449 578 4523 quippe
593 4466 691 4505 rerunt
706 4467 770 4522 qua
784 4451 943 4524 corporali-

117 4542 163 4594 ter
177 4537 387 4610 visibiliterque
413 4541 584 4601 nascuntur,
610 4537 723 4593 occulta
746 4540 880 4611 quadam
896 4558 942 4598 se·

117 4627 199 4683 mins
214 4626 242 4681 in
259 4625 323 4682 istis
338 4626 485 4698 corporeis
501 4626 603 4682 mundi
622 4625 713 4698 bajus
729 4626 881 4685 clementis
896 4628 941 4687 la·

117 4720 190 4774 tent.
204 4715 267 4771 Alia
280 4719 349 4771 sunt
364 4715 442 4770 enim
458 4716 588 4786 baecjam
599 4715 758 4787 conspicua
769 4717 862 4773 oculis
874 4736 940 4776 aos-

115 4804 169 4861 tris
184 4820 219 4860 ex
233 4803 376 4861 fructibus
390 4810 419 4860 et
433 4803 643 4872 animantibus,
660 4803 717 4861 alia
743 4821 810 4861 vero
825 4805 875 4863 ilia
890 4824 941 4864 oo·

115 4892 194 4952 culta
208 4894 332 4951 istarum
349 4893 496 4949 seminum
513 4892 636 4960 semina,
653 4895 730 4949 unde
740 4894 939 4965 jubenteCro·

117 4988 196 5040 atore
211 4983 346 5057 produxit
361 4999 438 5054 aqua
454 4981 549 5053 prima
564 4981 671 5037 natalia
683 4989 711 5038 et
727 4983 866 5050 volatilia,
881 4990 939 5041 ter·

116 5090 149 5130 ra
163 5079 258 5130 autem
275 5072 371 5145 prima
385 5071 431 5128 sui
445 5071 577 5144 generis*
592 5070 734 5142 germina,
748 5077 776 5127 et
787 5072 882 5145 prima
893 5074 939 5131 sui

150 5244 158 5276 ¹
171 5240 216 5289 Hic
226 5241 289 5289 editi
300 5240 416 5290 addunt:
428 5236 873 5301 Similiteretdecommaaimateria,
884 5256 941 5307 qva

117 5301 144 5351 iu
155 5305 238 5352 causis
252 5304 426 5352 serenitatibus
440 5301 562 5359 coemittit,
575 5299 659 5348 sabito
674 5310 709 5348 cu
723 5308 822 5363 tempas
834 5305 939 5364 prodire

116 5364 222 5414 arietem
237 5371 259 5414 et
275 5365 419 5415 columbam
432 5363 571 5421 constituit,
595 5362 688 5426 quibus
712 5377 777 5412 antu
796 5365 869 5428 viper
882 5383 939 5417 car-

115 5439 178 5474 neas
191 5433 216 5476 et
230 5442 256 5476 an
272 5431 383 5491 tempore
392 5436 417 5477 et
426 5442 459 5477 cc
468 5431 581 5490 tempore
590 5426 738 5474 accessionis
747 5432 770 5475 et
782 5430 939 5490 ret-essionis,

115 5500 166 5536 aaa
181 5489 279 5600 differ,
294 5491 341 5540 sed
353 5491 490 5540 inusitatas
504 5487 634 5552 apparuit.
659 5487 742 5538 Abest
764 5489 799 5539 ab
813 5493 940 5543 omnibus

136 5563 199 5599 roe
236 5565 270 5600 ss.

116 5561 134 5613 Β
147 5612 158 5646 ¹
211 5613 251 5671 iti,
264 5617 301 5662 est
314 5612 363 5662 tre.
381 5615 413 5666 tt
427 5615 500 5675 lisa,
514 5613 550 5662 est
564 5611 610 5662 boc
618 5624 629 5674 ,·
644 5610 721 5676 juxta
735 5626 851 5677 graecum
866 5616 937 5670 tait.

147 5674 248 5736 ⁸Apud
262 5674 305 5724 Er.
320 5675 404 5739 bugd.
419 5677 485 5727 Vsu.
500 5676 574 5733 bor..
587 5677 710 5725 seruiunt.

142 5736 156 5775 t
168 5734 282 5800 Quidam
290 5736 411 5789 limace
419 5738 509 5804 priore
517 5737 577 5787 loco
588 5740 761 5802 preteream,
772 5739 814 5789 sui
821 5741 934 5806 penetra

997 3929 1074 3983 rum,
1091 3911 1133 3967 vel
1149 3927 1265 3984 paenam
1283 3910 1438 3977 malornm,
1463 3910 1505 3966 vel
1531 3910 1651 3967 laudem
1669 3913 1813 3970 bonorum.

1034 4003 1076 4057 ll.
1090 4007 1187 4071 ltaque
1203 3998 1352 4073 apostolus
1375 3998 1482 4056 Paulus
1504 3999 1677 4059 discernens
1702 4000 1812 4059 interior

997 4091 1089 4148 Deum
1101 4096 1245 4146 creantem
1259 4094 1347 4160 atque
1359 4089 1542 4159 formantem,
1555 4091 1591 4146 ab
1600 4092 1810 4163 operibuscrst·

996 4183 1068 4236 tura
1085 4197 1148 4252 qua
1164 4180 1357 4234 admoventur
1371 4177 1565 4250 extrinsecus,
1582 4182 1612 4236 et
1636 4181 1673 4236 de
1697 4177 1806 4252 agricul-

997 4273 1063 4325 tura
1087 4266 1312 4324 similitudinem
1338 4284 1493 4324 assumens
1517 4268 1577 4324 ait:
1604 4269 1661 4341 Epo
1684 4267 1804 4342 plantari,
1867 4284 1870 4339 g

996 4359 1089 4431 Apollo
1106 4358 1224 4430 siquam
1246 4356 1293 4412 scd
1316 4357 1386 4413 Deus
1411 4359 1610 4413 incrassatam
1634 4357 1710 4415 dedat
1723 4358 1745 4431 (l
1759 4357 1804 4413 tor.
1866 4408 1870 4421 ,

997 4464 1039 4518 ιιι,
1055 4447 1094 4519 d).
1108 4447 1189 4501 Sicut
1201 4461 1270 4519 ergo
1284 4444 1313 4500 in
1330 4445 1394 4518 ipsa
1409 4445 1468 4500 vita
1480 4451 1609 4502 nostram
1621 4446 1806 4517 mentemJ'us·
1868 4432 1870 4463 ³

996 4535 1134 4592 tilicando
1151 4536 1275 4590 formare
1291 4551 1347 4590 non
1364 4539 1461 4606 potest
1486 4535 1543 4592 nisi
1570 4539 1659 4608 Deus,
1685 4535 1811 4609 pradica-

996 4641 1027 4680 re
1040 4631 1137 4679 autem
1153 4621 1339 4695 Evangelium
1354 4622 1538 4680 extrinsecus
1553 4629 1583 4680 et
1601 4622 1738 4680 homines
1753 4634 1816 4696 pos·

995 4719 1075 4779 sunt,
1096 4730 1153 4767 non
1179 4710 1273 4768 solum
1302 4711 1369 4767 boni
1393 4728 1444 4784 per
1466 4713 1631 4779 veritatem,
1658 4713 1709 4770 sed
1734 4711 1824 4769 actua

996 4801 1063 4858 mali
1079 4818 1128 4873 pcr
1142 4799 1323 4856 occasionem
1348 4799 1480 4873 (Ptittpp.
1497 4817 1519 4868 t,
1545 4800 1608 4873 lili:
1637 4802 1678 4858 ita
1702 4794 1830 4858 arentia

994 4907 1061 4946 nem
1078 4905 1173 4945 terum
1190 4888 1347 4943 visibilium
1365 4888 1440 4945 Deus
1455 4889 1581 4946 interius
1595 4895 1755 4962 operatur;
1782 4890 1836 4936 ΘΧ·

993 4979 1113 5034 teriores
1129 4981 1226 5032 autem
1243 4977 1427 5048 operationes
1442 4977 1502 5034 aive
1517 4978 1665 5034 bonorum
1681 4977 1743 5035 sive
1757 4977 1840 5034 ω’·

992 5065 1099 5132 lorum,
1115 5062 1158 5119 vel
1182 5063 1361 5136 Angelorum
1388 5065 1432 5121 vel
1462 5063 1628 5132 bominum,
1658 5059 1842 5122 siveetinffi

994 5151 1773 5227 quorumcumqueanimalium,secundumimperium
1790 5149 1842 5198 ⁶¹¹⁶

993 5239 1839 5315 umetaseimpertitasdistributionespatestatutnetflP'

994 5329 1147 5403 petitiones
1159 5330 1412 5400 commoditatum,
1423 5331 1463 5387 ita
1472 5347 1570 5388 rerum
1580 5335 1693 5388 naturae
1701 5332 1771 5389 adbi
1780 5315 1828 5380 ¹²0l

1026 5431 1034 5462 ¹
1051 5428 1127 5484 Editi,
1146 5430 1207 5477 tunc
1220 5426 1397 5493 hujuscemodi
1413 5430 1483 5492 letas
1506 5430 1543 5478 ita
1564 5427 1689 5491 producti
1704 5433 1774 5479 aaut.
1789 5414 1818 5472 Al

993 5494 1055 5541 aas.
1071 5494 1131 5540 tanc
1145 5492 1172 5540 aa
1187 5489 1366 5555 tassimata
1376 5493 1446 5555 setas
1459 5490 1497 5551 pa
1512 5494 1563 5553 esa,
1573 5490 1608 5542 aa
1618 5484 1812 5557 gignanaosta

992 5558 1035 5605 tus
1050 5554 1091 5602 sui
1105 5554 1224 5616 generisi
1234 5552 1272 5602 itu
1284 5553 1410 5616 prosata
1419 5561 1490 5605 suat.

1028 5616 1079 5665 ¹lu
1093 5615 1184 5665 multis
1194 5615 1267 5676 Mea,
1283 5621 1307 5666 et
1321 5616 1367 5665 troc
1380 5631 1408 5664 us
1427 5630 1467 5666 ve.
1543 5671 1546 5675 ,

1022 5678 1090 5729 ⁸Sic
1103 5677 1223 5742 plerique
1238 5691 1271 5728 ac
1286 5678 1410 5729 meliores
1446 5691 1484 5728 ss.
1493 5676 1565 5729 ttdttt
1574 5688 1652 5736 vcro,
1661 5676 1807 5731 ulutatu

991 5738 1809 5813 tatmtttjaaam,patatatemaatemnonatstjnmaectptav,
