<?xml version="1.0" encoding="UTF-8"?>
<!DOCTYPE html PUBLIC "-//W3C//DTD XHTML 1.0 Transitional//EN"
    "http://www.w3.org/TR/xhtml1/DTD/xhtml1-transitional.dtd">
<html xmlns="http://www.w3.org/1999/xhtml" xml:lang="en" lang="en">
 <head>
  <title>
</title>
<meta http-equiv="Content-Type" content="text/html;charset=utf-8" />
  <meta name='ocr-system' content='tesseract 3.04.00' />
  <meta name='ocr-capabilities' content='ocr_page ocr_carea ocr_par ocr_line ocrx_word'/>
</head>
<body>
  <div class='ocr_page' id='page_1' title='image "./patrologiaecurs01migngoog_0332.png"; bbox 0 0 3908 6128; ppageno 0'>
   <div class='ocr_carea' id='block_1_1' title="bbox 149 356 1859 434">
    <p class='ocr_par' dir='ltr' id='par_1_1' title="bbox 149 356 1859 434">
     <span class='ocr_line' id='line_1_1' title="bbox 149 356 1859 434; baseline 0.002 -14"><span class='ocrx_word' id='word_1_1' title='bbox 149 359 209 424; x_wconf 76' lang='grc'>653</span> <span class='ocrx_word' id='word_1_2' title='bbox 827 359 942 422; x_wconf 74' lang='lat' dir='ltr'>tlssttt</span> <span class='ocrx_word' id='word_1_3' title='bbox 964 356 1183 424; x_wconf 79' lang='lat' dir='ltr'>SECUNDUS.</span> <span class='ocrx_word' id='word_1_4' title='bbox 1797 368 1859 434; x_wconf 71' lang='grc'>654</span> 
     </span>
    </p>
   </div>
   <div class='ocr_carea' id='block_1_2' title="bbox 98 491 1879 5657">
    <p class='ocr_par' dir='ltr' id='par_1_2' title="bbox 98 491 1879 5657">
     <span class='ocr_line' id='line_1_2' title="bbox 148 491 1861 570; baseline 0.006 -19"><span class='ocrx_word' id='word_1_5' title='bbox 148 496 179 551; x_wconf 85' lang='lat' dir='ltr'>in</span> <span class='ocrx_word' id='word_1_6' title='bbox 193 497 279 567; x_wconf 72' lang='lat' dir='ltr'>finem</span> <span class='ocrx_word' id='word_1_7' title='bbox 291 496 330 568; x_wconf 86' lang='lat' dir='ltr'>(a)</span> <span class='ocrx_word' id='word_1_8' title='bbox 341 495 377 568; x_wconf 76' lang='grc' dir='ltr'>(ΙΙ</span> <span class='ocrx_word' id='word_1_9' title='bbox 395 495 455 553; x_wconf 85' lang='lat' dir='ltr'>Cor.</span> <span class='ocrx_word' id='word_1_10' title='bbox 472 513 514 566; x_wconf 83' lang='grc' dir='ltr'>ιιι,</span> <span class='ocrx_word' id='word_1_11' title='bbox 531 495 585 568; x_wconf 86' lang='grc'><strong>13).</strong></span> <span class='ocrx_word' id='word_1_12' title='bbox 601 495 682 551; x_wconf 82' lang='lat' dir='ltr'>Finis</span> <span class='ocrx_word' id='word_1_13' title='bbox 697 499 796 552; x_wconf 89' lang='lat' dir='ltr'>autem</span> <span class='ocrx_word' id='word_1_14' title='bbox 809 492 892 564; x_wconf 79' lang='lat' dir='ltr'>Legis</span> <span class='ocrx_word' id='word_1_15' title='bbox 910 491 977 564; x_wconf 87' lang='lat' dir='ltr'>quis</span> <span class='ocrx_word' id='word_1_16' title='bbox 1031 495 1278 565; x_wconf 73' lang='lat' dir='ltr'><strong><em>concupiscentiam</em></strong></span> <span class='ocrx_word' id='word_1_17' title='bbox 1291 498 1455 565; x_wconf 80' lang='lat' dir='ltr'><strong><em>nesciebam,</em></strong></span> <span class='ocrx_word' id='word_1_18' title='bbox 1467 498 1524 554; x_wconf 89' lang='lat' dir='ltr'>nisi</span> <span class='ocrx_word' id='word_1_19' title='bbox 1539 502 1597 555; x_wconf 82' lang='lat' dir='ltr'>Lea</span> <span class='ocrx_word' id='word_1_20' title='bbox 1604 499 1716 570; x_wconf 90' lang='lat' dir='ltr'>diceret,</span> <span class='ocrx_word' id='word_1_21' title='bbox 1729 503 1787 560; x_wconf 85' lang='lat' dir='ltr'>Non</span> <span class='ocrx_word' id='word_1_22' title='bbox 1798 519 1861 561; x_wconf 82' lang='lat' dir='ltr'>cors·</span> 
     </span>
     <span class='ocr_line' id='line_1_3' title="bbox 148 581 1859 663; baseline 0.005 -21"><span class='ocrx_word' id='word_1_23' title='bbox 148 585 208 642; x_wconf 80' lang='lat' dir='ltr'>esti</span> <span class='ocrx_word' id='word_1_24' title='bbox 216 585 259 640; x_wconf 82' lang='lat' dir='ltr'>ild</span> <span class='ocrx_word' id='word_1_25' title='bbox 271 584 325 641; x_wconf 89' lang='lat' dir='ltr'>boo</span> <span class='ocrx_word' id='word_1_26' title='bbox 335 602 394 642; x_wconf 92' lang='lat' dir='ltr'>non</span> <span class='ocrx_word' id='word_1_27' title='bbox 405 602 468 658; x_wconf 80' lang='lat' dir='ltr'>ego,</span> <span class='ocrx_word' id='word_1_28' title='bbox 481 585 530 641; x_wconf 86' lang='lat' dir='ltr'>sed</span> <span class='ocrx_word' id='word_1_29' title='bbox 543 584 701 658; x_wconf 77' lang='lat' dir='ltr'>Apostolus</span> <span class='ocrx_word' id='word_1_30' title='bbox 711 585 774 658; x_wconf 90' lang='lat' dir='ltr'>ipse</span> <span class='ocrx_word' id='word_1_31' title='bbox 785 582 975 656; x_wconf 85' lang='lat' dir='ltr'>respondeat:</span> <span class='ocrx_word' id='word_1_32' title='bbox 1030 581 1309 652; x_wconf 78' lang='lat' dir='ltr'>cupiscesaccaaoae</span> <span class='ocrx_word' id='word_1_33' title='bbox 1318 595 1409 642; x_wconf 87' lang='lat' dir='ltr'>autem</span> <span class='ocrx_word' id='word_1_34' title='bbox 1419 596 1674 660; x_wconf 84' lang='lat' dir='ltr'>acceptapeccatum</span> <span class='ocrx_word' id='word_1_35' title='bbox 1681 606 1732 663; x_wconf 86' lang='lat' dir='ltr'>per</span> <span class='ocrx_word' id='word_1_36' title='bbox 1741 592 1859 650; x_wconf 76' lang='lat' dir='ltr'>mnda-</span> 
     </span>
     <span class='ocr_line' id='line_1_4' title="bbox 147 672 1857 751; baseline 0.006 -21"><span class='ocrx_word' id='word_1_37' title='bbox 147 673 307 730; x_wconf 75' lang='lat' dir='ltr'>Finiserrim</span> <span class='ocrx_word' id='word_1_38' title='bbox 318 674 408 743; x_wconf 79' lang='lat' dir='ltr'>Lapis,</span> <span class='ocrx_word' id='word_1_39' title='bbox 422 673 525 746; x_wconf 92' lang='lat' dir='ltr'>iuquit,</span> <span class='ocrx_word' id='word_1_40' title='bbox 546 674 682 746; x_wconf 72' lang='lat' dir='ltr'>Cirr-istus,</span> <span class='ocrx_word' id='word_1_41' title='bbox 696 673 879 746; x_wconf 75' lang='lat' dir='ltr'><em>adjustitiam</em></span> <span class='ocrx_word' id='word_1_42' title='bbox 901 672 978 728; x_wconf 84' lang='lat' dir='ltr'>omni</span> <span class='ocrx_word' id='word_1_43' title='bbox 1032 673 1236 742; x_wconf 87' lang='lat' dir='ltr'>tumoperatem</span> <span class='ocrx_word' id='word_1_44' title='bbox 1245 678 1282 729; x_wconf 90' lang='lat' dir='ltr'>est</span> <span class='ocrx_word' id='word_1_45' title='bbox 1297 676 1327 729; x_wconf 85' lang='lat' dir='ltr'>ia</span> <span class='ocrx_word' id='word_1_46' title='bbox 1338 692 1380 731; x_wconf 83' lang='lat' dir='ltr'>me</span> <span class='ocrx_word' id='word_1_47' title='bbox 1393 692 1500 733; x_wconf 83' lang='lat' dir='ltr'>omnem</span> <span class='ocrx_word' id='word_1_48' title='bbox 1511 681 1773 751; x_wconf 81' lang='lat' dir='ltr'>concupiscentiam.</span> <span class='ocrx_word' id='word_1_49' title='bbox 1789 681 1857 741; x_wconf 87' lang='lat' dir='ltr'>Sine</span> 
     </span>
     <span class='ocr_line' id='line_1_5' title="bbox 146 760 1860 838; baseline 0.006 -19"><span class='ocrx_word' id='word_1_50' title='bbox 146 763 367 834; x_wconf 74' lang='lat' dir='ltr'>credentiiliom.</span> <span class='ocrx_word' id='word_1_51' title='bbox 379 780 407 835; x_wconf 88' lang='lat' dir='ltr'>x,</span> <span class='ocrx_word' id='word_1_52' title='bbox 417 764 455 833; x_wconf 83' lang='lat' dir='ltr'>l).</span> <span class='ocrx_word' id='word_1_53' title='bbox 465 763 775 837; x_wconf 81' lang='lat' dir='ltr'>Finisperticiens,non</span> <span class='ocrx_word' id='word_1_54' title='bbox 786 760 975 819; x_wconf 76' lang='lat' dir='ltr'>interficiens.</span> <span class='ocrx_word' id='word_1_55' title='bbox 1030 760 1098 831; x_wconf 80' lang='lat' dir='ltr'>beas</span> <span class='ocrx_word' id='word_1_56' title='bbox 1111 762 1331 833; x_wconf 87' lang='lat' dir='ltr'>enimpeceatam</span> <span class='ocrx_word' id='word_1_57' title='bbox 1346 775 1485 823; x_wconf 88' lang='lat' dir='ltr'>mortuum</span> <span class='ocrx_word' id='word_1_58' title='bbox 1495 771 1542 823; x_wconf 87' lang='lat' dir='ltr'>est.</span> <span class='ocrx_word' id='word_1_59' title='bbox 1554 767 1611 838; x_wconf 78' lang='lat' dir='ltr'>an</span> <span class='ocrx_word' id='word_1_60' title='bbox 1620 772 1713 825; x_wconf 90' lang='lat' dir='ltr'>autem</span> <span class='ocrx_word' id='word_1_61' title='bbox 1730 770 1860 830; x_wconf 76' lang='lat' dir='ltr'><strong><em>vivebam</em></strong></span> 
     </span>
     <span class='ocr_line' id='line_1_6' title="bbox 146 848 1857 931; baseline 0.005 -23"><span class='ocrx_word' id='word_1_62' title='bbox 146 850 227 909; x_wconf 75' lang='lat' dir='ltr'>Finis</span> <span class='ocrx_word' id='word_1_63' title='bbox 237 852 346 926; x_wconf 84' lang='lat' dir='ltr'>quippe</span> <span class='ocrx_word' id='word_1_64' title='bbox 357 851 465 908; x_wconf 86' lang='lat' dir='ltr'>dicitur</span> <span class='ocrx_word' id='word_1_65' title='bbox 475 858 593 925; x_wconf 90' lang='lat' dir='ltr'>propter</span> <span class='ocrx_word' id='word_1_66' title='bbox 603 869 691 926; x_wconf 91' lang='lat' dir='ltr'>quem</span> <span class='ocrx_word' id='word_1_67' title='bbox 703 852 779 909; x_wconf 85' lang='lat' dir='ltr'>fiunt</span> <span class='ocrx_word' id='word_1_68' title='bbox 790 850 976 923; x_wconf 79' lang='lat' dir='ltr'>omniaque·</span> <span class='ocrx_word' id='word_1_69' title='bbox 1031 848 1181 921; x_wconf 84' lang='lat' dir='ltr'>aliquando</span> <span class='ocrx_word' id='word_1_70' title='bbox 1195 866 1255 908; x_wconf 80' lang='lat' dir='ltr'>stne</span> <span class='ocrx_word' id='word_1_71' title='bbox 1264 853 1336 922; x_wconf 75' lang='lat' dir='ltr'>bene</span> <span class='ocrx_word' id='word_1_72' title='bbox 1345 871 1355 907; x_wconf 87' lang='grc'>.·</span> <span class='ocrx_word' id='word_1_73' title='bbox 1365 854 1528 911; x_wconf 83' lang='lat' dir='ltr'>adveniente</span> <span class='ocrx_word' id='word_1_74' title='bbox 1537 864 1629 913; x_wconf 78' lang='lat' dir='ltr'>numm</span> <span class='ocrx_word' id='word_1_75' title='bbox 1638 857 1782 927; x_wconf 76' lang='lat' dir='ltr'>maana,</span> <span class='ocrx_word' id='word_1_76' title='bbox 1792 876 1857 931; x_wconf 89' lang='lat' dir='ltr'>pee-</span> 
     </span>
     <span class='ocr_line' id='line_1_7' title="bbox 145 938 1855 1019; baseline 0.006 -22"><span class='ocrx_word' id='word_1_77' title='bbox 145 957 274 1014; x_wconf 90' lang='lat' dir='ltr'>oumque</span> <span class='ocrx_word' id='word_1_78' title='bbox 287 941 385 1014; x_wconf 83' lang='lat' dir='ltr'>aliquo</span> <span class='ocrx_word' id='word_1_79' title='bbox 406 942 480 998; x_wconf 84' lang='lat' dir='ltr'>fiunt</span> <span class='ocrx_word' id='word_1_80' title='bbox 495 942 602 1000; x_wconf 86' lang='lat' dir='ltr'>ollloio.</span> <span class='ocrx_word' id='word_1_81' title='bbox 619 943 691 1001; x_wconf 86' lang='lat' dir='ltr'>Nam</span> <span class='ocrx_word' id='word_1_82' title='bbox 704 940 781 998; x_wconf 91' lang='lat' dir='ltr'>inter</span> <span class='ocrx_word' id='word_1_83' title='bbox 796 938 927 997; x_wconf 83' lang='lat' dir='ltr'>officium</span> <span class='ocrx_word' id='word_1_84' title='bbox 944 940 974 994; x_wconf 87' lang='lat' dir='ltr'>et</span> <span class='ocrx_word' id='word_1_85' title='bbox 1027 941 1117 995; x_wconf 87' lang='lat' dir='ltr'>catum</span> <span class='ocrx_word' id='word_1_86' title='bbox 1135 942 1248 997; x_wconf 85' lang='lat' dir='ltr'>revicit.</span> <span class='ocrx_word' id='word_1_87' title='bbox 1261 941 1315 1013; x_wconf 81' lang='lat' dir='ltr'>qu</span> <span class='ocrx_word' id='word_1_88' title='bbox 1337 952 1430 1000; x_wconf 89' lang='lat' dir='ltr'>autem</span> <span class='ocrx_word' id='word_1_89' title='bbox 1454 948 1659 1019; x_wconf 67' lang='lat' dir='ltr'>mariannam,</span> <span class='ocrx_word' id='word_1_90' title='bbox 1674 948 1855 1008; x_wconf 75' lang='lat' dir='ltr'>adinventum</span> 
     </span>
     <span class='ocr_line' id='line_1_8' title="bbox 143 1028 1854 1104; baseline 0.005 -17"><span class='ocrx_word' id='word_1_91' title='bbox 143 1028 234 1088; x_wconf 82' lang='lat' dir='ltr'>tinem</span> <span class='ocrx_word' id='word_1_92' title='bbox 247 1029 303 1087; x_wconf 87' lang='lat' dir='ltr'>boo</span> <span class='ocrx_word' id='word_1_93' title='bbox 315 1030 415 1101; x_wconf 89' lang='lat' dir='ltr'>distat,</span> <span class='ocrx_word' id='word_1_94' title='bbox 427 1032 505 1104; x_wconf 92' lang='lat' dir='ltr'>quod</span> <span class='ocrx_word' id='word_1_95' title='bbox 517 1032 646 1089; x_wconf 80' lang='lat' dir='ltr'>officium</span> <span class='ocrx_word' id='word_1_96' title='bbox 655 1035 700 1088; x_wconf 91' lang='lat' dir='ltr'>est</span> <span class='ocrx_word' id='word_1_97' title='bbox 710 1031 789 1087; x_wconf 90' lang='lat' dir='ltr'>ineis</span> <span class='ocrx_word' id='word_1_98' title='bbox 802 1046 866 1103; x_wconf 82' lang='lat' dir='ltr'>qum</span> <span class='ocrx_word' id='word_1_99' title='bbox 879 1028 972 1085; x_wconf 83' lang='lat' dir='ltr'>facere</span> <span class='ocrx_word' id='word_1_100' title='bbox 1028 1028 1146 1086; x_wconf 86' lang='lat' dir='ltr'>estmilri</span> <span class='ocrx_word' id='word_1_101' title='bbox 1155 1030 1316 1087; x_wconf 86' lang='lat' dir='ltr'>mandatam</span> <span class='ocrx_word' id='word_1_102' title='bbox 1326 1033 1464 1104; x_wconf 85' lang='lat' dir='ltr'>quoderat</span> <span class='ocrx_word' id='word_1_103' title='bbox 1474 1035 1608 1104; x_wconf 87' lang='lat' dir='ltr'>inuitam,</span> <span class='ocrx_word' id='word_1_104' title='bbox 1617 1034 1772 1093; x_wconf 84' lang='lat' dir='ltr'>bocesseia</span> <span class='ocrx_word' id='word_1_105' title='bbox 1780 1054 1854 1096; x_wconf 87' lang='lat' dir='ltr'>mor·</span> 
     </span>
     <span class='ocr_line' id='line_1_9' title="bbox 142 1118 1853 1197; baseline 0.004 -21"><span class='ocrx_word' id='word_1_106' title='bbox 142 1120 297 1190; x_wconf 89' lang='lat' dir='ltr'>debemus,</span> <span class='ocrx_word' id='word_1_107' title='bbox 313 1120 382 1176; x_wconf 87' lang='lat' dir='ltr'>finis</span> <span class='ocrx_word' id='word_1_108' title='bbox 398 1125 613 1194; x_wconf 78' lang='lat' dir='ltr'>propterquam</span> <span class='ocrx_word' id='word_1_109' title='bbox 630 1120 764 1178; x_wconf 86' lang='lat' dir='ltr'>iacimus.</span> <span class='ocrx_word' id='word_1_110' title='bbox 781 1118 854 1184; x_wconf 83' lang='lat' dir='ltr'>Ouia</span> <span class='ocrx_word' id='word_1_111' title='bbox 872 1119 972 1191; x_wconf 88' lang='lat' dir='ltr'>itaque</span> <span class='ocrx_word' id='word_1_112' title='bbox 1025 1123 1089 1174; x_wconf 87' lang='lat' dir='ltr'>tem.</span> <span class='ocrx_word' id='word_1_113' title='bbox 1106 1119 1256 1176; x_wconf 77' lang='lat' dir='ltr'><strong><em>Peccatum</em></strong></span> <span class='ocrx_word' id='word_1_114' title='bbox 1265 1122 1610 1197; x_wconf 84' lang='lat' dir='ltr'>euimoccasioaeaceepta</span> <span class='ocrx_word' id='word_1_115' title='bbox 1623 1140 1673 1196; x_wconf 90' lang='lat' dir='ltr'>per</span> <span class='ocrx_word' id='word_1_116' title='bbox 1684 1126 1853 1186; x_wconf 70' lang='lat' dir='ltr'>mandatum</span> 
     </span>
     <span class='ocr_line' id='line_1_10' title="bbox 136 1205 1853 1286; baseline 0.003 -20"><span class='ocrx_word' id='word_1_117' title='bbox 136 1209 192 1266; x_wconf 80' lang='lat' dir='ltr'>illa</span> <span class='ocrx_word' id='word_1_118' title='bbox 206 1209 306 1267; x_wconf 86' lang='lat' dir='ltr'>omniu</span> <span class='ocrx_word' id='word_1_119' title='bbox 318 1214 437 1283; x_wconf 85' lang='lat' dir='ltr'>propter</span> <span class='ocrx_word' id='word_1_120' title='bbox 451 1210 601 1267; x_wconf 81' lang='lat' dir='ltr'>Christum</span> <span class='ocrx_word' id='word_1_121' title='bbox 623 1211 741 1280; x_wconf 86' lang='lat' dir='ltr'>flabant,</span> <span class='ocrx_word' id='word_1_122' title='bbox 757 1225 846 1282; x_wconf 89' lang='lat' dir='ltr'>quem</span> <span class='ocrx_word' id='word_1_123' title='bbox 862 1207 915 1264; x_wconf 89' lang='lat' dir='ltr'>sslli</span> <span class='ocrx_word' id='word_1_124' title='bbox 929 1211 970 1264; x_wconf 91' lang='lat' dir='ltr'>ls·</span> <span class='ocrx_word' id='word_1_125' title='bbox 1023 1205 1191 1281; x_wconf 67' lang='lat' dir='ltr'>resectam,</span> <span class='ocrx_word' id='word_1_126' title='bbox 1202 1211 1228 1265; x_wconf 88' lang='lat' dir='ltr'>et</span> <span class='ocrx_word' id='word_1_127' title='bbox 1239 1225 1290 1281; x_wconf 89' lang='lat' dir='ltr'>per</span> <span class='ocrx_word' id='word_1_128' title='bbox 1299 1211 1853 1286; x_wconf 78' lang='lat' dir='ltr'>iliudoccidititaqueboaqaidcmsaao·</span> 
     </span>
     <span class='ocr_line' id='line_1_11' title="bbox 138 1296 1853 1375; baseline 0.005 -20"><span class='ocrx_word' id='word_1_129' title='bbox 138 1298 244 1356; x_wconf 85' lang='lat' dir='ltr'>raalio</span> <span class='ocrx_word' id='word_1_130' title='bbox 258 1298 301 1356; x_wconf 91' lang='lat' dir='ltr'>eis</span> <span class='ocrx_word' id='word_1_131' title='bbox 318 1316 381 1372; x_wconf 83' lang='lat' dir='ltr'>qum</span> <span class='ocrx_word' id='word_1_132' title='bbox 399 1300 508 1357; x_wconf 86' lang='lat' dir='ltr'>flebant</span> <span class='ocrx_word' id='word_1_133' title='bbox 530 1317 588 1357; x_wconf 90' lang='lat' dir='ltr'>non</span> <span class='ocrx_word' id='word_1_134' title='bbox 614 1299 837 1374; x_wconf 82' lang='lat' dir='ltr'>intelligebant;</span> <span class='ocrx_word' id='word_1_135' title='bbox 854 1297 909 1354; x_wconf 90' lang='lat' dir='ltr'>hoc</span> <span class='ocrx_word' id='word_1_136' title='bbox 930 1296 970 1353; x_wconf 92' lang='lat' dir='ltr'>si·</span> <span class='ocrx_word' id='word_1_137' title='bbox 1023 1296 1280 1362; x_wconf 70' lang='lat' dir='ltr'>immmaculatum</span> <span class='ocrx_word' id='word_1_138' title='bbox 1302 1305 1429 1357; x_wconf 84' lang='lat' dir='ltr'>sanctum</span> <span class='ocrx_word' id='word_1_139' title='bbox 1443 1309 1468 1358; x_wconf 91' lang='lat' dir='ltr'>et</span> <span class='ocrx_word' id='word_1_140' title='bbox 1472 1303 1581 1374; x_wconf 79' lang='lat' dir='ltr'>justum</span> <span class='ocrx_word' id='word_1_141' title='bbox 1597 1307 1623 1359; x_wconf 90' lang='lat' dir='ltr'>et</span> <span class='ocrx_word' id='word_1_142' title='bbox 1646 1303 1758 1360; x_wconf 83' lang='lat' dir='ltr'>bouum.</span> <span class='ocrx_word' id='word_1_143' title='bbox 1774 1305 1853 1375; x_wconf 80' lang='lat' dir='ltr'>Quod</span> 
     </span>
     <span class='ocr_line' id='line_1_12' title="bbox 136 1385 1852 1467; baseline 0.005 -23"><span class='ocrx_word' id='word_1_144' title='bbox 136 1387 301 1463; x_wconf 82' lang='lat' dir='ltr'>gniflaabat</span> <span class='ocrx_word' id='word_1_145' title='bbox 316 1389 460 1459; x_wconf 87' lang='lat' dir='ltr'>velamen,</span> <span class='ocrx_word' id='word_1_146' title='bbox 476 1390 553 1463; x_wconf 91' lang='lat' dir='ltr'>quod</span> <span class='ocrx_word' id='word_1_147' title='bbox 577 1406 626 1446; x_wconf 90' lang='lat' dir='ltr'>eos</span> <span class='ocrx_word' id='word_1_148' title='bbox 642 1405 737 1462; x_wconf 89' lang='lat' dir='ltr'>usque</span> <span class='ocrx_word' id='word_1_149' title='bbox 754 1388 785 1444; x_wconf 92' lang='lat' dir='ltr'>in</span> <span class='ocrx_word' id='word_1_150' title='bbox 800 1388 889 1444; x_wconf 88' lang='lat' dir='ltr'>tinam</span> <span class='ocrx_word' id='word_1_151' title='bbox 911 1403 968 1444; x_wconf 90' lang='lat' dir='ltr'>non</span> <span class='ocrx_word' id='word_1_152' title='bbox 1022 1399 1088 1456; x_wconf 79' lang='lat' dir='ltr'>erqo</span> <span class='ocrx_word' id='word_1_153' title='bbox 1103 1385 1203 1442; x_wconf 86' lang='lat' dir='ltr'>bonam</span> <span class='ocrx_word' id='word_1_154' title='bbox 1217 1396 1267 1457; x_wconf 83' lang='lat' dir='ltr'>est,</span> <span class='ocrx_word' id='word_1_155' title='bbox 1277 1390 1352 1446; x_wconf 82' lang='lat' dir='ltr'>milri</span> <span class='ocrx_word' id='word_1_156' title='bbox 1360 1392 1466 1462; x_wconf 76' lang='lat' dir='ltr'>tactum</span> <span class='ocrx_word' id='word_1_157' title='bbox 1474 1398 1512 1447; x_wconf 87' lang='lat' dir='ltr'>est</span> <span class='ocrx_word' id='word_1_158' title='bbox 1524 1392 1723 1449; x_wconf 77' lang='lat' dir='ltr'>morstdbsit:</span> <span class='ocrx_word' id='word_1_159' title='bbox 1733 1392 1852 1467; x_wconf 86' lang='lat' dir='ltr'>sedpec·</span> 
     </span>
     <span class='ocr_line' id='line_1_13' title="bbox 134 1475 1853 1554; baseline 0.003 -20"><span class='ocrx_word' id='word_1_160' title='bbox 134 1477 259 1535; x_wconf 89' lang='lat' dir='ltr'>sinebat</span> <span class='ocrx_word' id='word_1_161' title='bbox 279 1476 441 1548; x_wconf 87' lang='lat' dir='ltr'>intendere,</span> <span class='ocrx_word' id='word_1_162' title='bbox 456 1477 486 1533; x_wconf 92' lang='lat' dir='ltr'>id</span> <span class='ocrx_word' id='word_1_163' title='bbox 502 1481 556 1550; x_wconf 86' lang='lat' dir='ltr'>ost,</span> <span class='ocrx_word' id='word_1_164' title='bbox 571 1493 663 1550; x_wconf 91' lang='lat' dir='ltr'>usque</span> <span class='ocrx_word' id='word_1_165' title='bbox 688 1478 723 1535; x_wconf 90' lang='lat' dir='ltr'>ad</span> <span class='ocrx_word' id='word_1_166' title='bbox 749 1477 851 1534; x_wconf 82' lang='lat' dir='ltr'>taciem</span> <span class='ocrx_word' id='word_1_167' title='bbox 866 1475 969 1549; x_wconf 77' lang='lat' dir='ltr'>Moysi,</span> <span class='ocrx_word' id='word_1_168' title='bbox 1022 1482 1117 1531; x_wconf 86' lang='lat' dir='ltr'>catum</span> <span class='ocrx_word' id='word_1_169' title='bbox 1126 1479 1156 1532; x_wconf 90' lang='lat' dir='ltr'>ut</span> <span class='ocrx_word' id='word_1_170' title='bbox 1165 1482 1297 1549; x_wconf 84' lang='lat' dir='ltr'>appareat</span> <span class='ocrx_word' id='word_1_171' title='bbox 1304 1488 1448 1550; x_wconf 83' lang='lat' dir='ltr'>peccatum</span> <span class='ocrx_word' id='word_1_172' title='bbox 1453 1496 1505 1553; x_wconf 89' lang='lat' dir='ltr'>per</span> <span class='ocrx_word' id='word_1_173' title='bbox 1520 1480 1620 1536; x_wconf 84' lang='lat' dir='ltr'>bonum</span> <span class='ocrx_word' id='word_1_174' title='bbox 1628 1480 1703 1537; x_wconf 83' lang='lat' dir='ltr'>milri</span> <span class='ocrx_word' id='word_1_175' title='bbox 1709 1485 1853 1554; x_wconf 84' lang='lat' dir='ltr'>operatum</span> 
     </span>
     <span class='ocr_line' id='line_1_14' title="bbox 131 1565 1853 1640; baseline 0.003 -16"><span class='ocrx_word' id='word_1_176' title='bbox 131 1583 205 1640; x_wconf 80' lang='lat' dir='ltr'>quae</span> <span class='ocrx_word' id='word_1_177' title='bbox 228 1566 415 1639; x_wconf 83' lang='lat' dir='ltr'>significabat</span> <span class='ocrx_word' id='word_1_178' title='bbox 437 1565 596 1623; x_wconf 85' lang='lat' dir='ltr'>Christum.</span> <span class='ocrx_word' id='word_1_179' title='bbox 620 1567 676 1623; x_wconf 86' lang='lat' dir='ltr'>Sed</span> <span class='ocrx_word' id='word_1_180' title='bbox 700 1566 764 1623; x_wconf 88' lang='lat' dir='ltr'>ideo</span> <span class='ocrx_word' id='word_1_181' title='bbox 792 1565 969 1621; x_wconf 89' lang='lat' dir='ltr'>dictumest</span> <span class='ocrx_word' id='word_1_182' title='bbox 1022 1568 1340 1637; x_wconf 63' lang='lat' dir='ltr'>estmortemlltommm,</span> <span class='ocrx_word' id='word_1_183' title='bbox 1355 1570 1445 1638; x_wconf 88' lang='grc'><strong>6-13).</strong></span> <span class='ocrx_word' id='word_1_184' title='bbox 1459 1569 1532 1627; x_wconf 77' lang='lat' dir='ltr'>ileos</span> <span class='ocrx_word' id='word_1_185' title='bbox 1549 1570 1618 1640; x_wconf 91' lang='lat' dir='ltr'>quid</span> <span class='ocrx_word' id='word_1_186' title='bbox 1630 1575 1674 1627; x_wconf 88' lang='lat' dir='ltr'>est</span> <span class='ocrx_word' id='word_1_187' title='bbox 1683 1573 1853 1630; x_wconf 84' lang='lat' dir='ltr'>ministratio</span> 
     </span>
     <span class='ocr_line' id='line_1_15' title="bbox 130 1653 1852 1734; baseline 0.005 -22"><span class='ocrx_word' id='word_1_188' title='bbox 130 1656 218 1730; x_wconf 90' lang='lat' dir='ltr'>quod</span> <span class='ocrx_word' id='word_1_189' title='bbox 232 1660 389 1712; x_wconf 85' lang='lat' dir='ltr'>evacuetur</span> <span class='ocrx_word' id='word_1_190' title='bbox 402 1655 463 1712; x_wconf 82' lang='lat' dir='ltr'>hec</span> <span class='ocrx_word' id='word_1_191' title='bbox 478 1653 580 1729; x_wconf 81' lang='lat' dir='ltr'>gloria,</span> <span class='ocrx_word' id='word_1_192' title='bbox 597 1655 668 1729; x_wconf 89' lang='lat' dir='ltr'>quia</span> <span class='ocrx_word' id='word_1_193' title='bbox 682 1671 784 1713; x_wconf 90' lang='lat' dir='ltr'>omnes</span> <span class='ocrx_word' id='word_1_194' title='bbox 800 1655 910 1711; x_wconf 81' lang='lat' dir='ltr'>umbre</span> <span class='ocrx_word' id='word_1_195' title='bbox 925 1653 969 1710; x_wconf 91' lang='lat' dir='ltr'>si·</span> <span class='ocrx_word' id='word_1_196' title='bbox 1021 1656 1134 1718; x_wconf 83' lang='lat' dir='ltr'>mortis:</span> <span class='ocrx_word' id='word_1_197' title='bbox 1149 1671 1216 1713; x_wconf 91' lang='lat' dir='ltr'>eooe</span> <span class='ocrx_word' id='word_1_198' title='bbox 1232 1657 1302 1729; x_wconf 91' lang='lat' dir='ltr'>quid</span> <span class='ocrx_word' id='word_1_199' title='bbox 1318 1661 1375 1726; x_wconf 90' lang='lat' dir='ltr'>est,</span> <span class='ocrx_word' id='word_1_200' title='bbox 1388 1659 1603 1717; x_wconf 82' lang='lat' dir='ltr'>bitteraaccidit</span> <span class='ocrx_word' id='word_1_201' title='bbox 1619 1659 1654 1732; x_wconf 91' lang='lat' dir='ltr'>(ll</span> <span class='ocrx_word' id='word_1_202' title='bbox 1666 1660 1727 1717; x_wconf 85' lang='lat' dir='ltr'>dor.</span> <span class='ocrx_word' id='word_1_203' title='bbox 1744 1678 1786 1734; x_wconf 89' lang='grc' dir='ltr'>ιιι,</span> <span class='ocrx_word' id='word_1_204' title='bbox 1798 1661 1852 1734; x_wconf 80' lang='grc'><strong>6).·</strong></span> 
     </span>
     <span class='ocr_line' id='line_1_16' title="bbox 125 1741 1853 1821; baseline 0.004 -22"><span class='ocrx_word' id='word_1_205' title='bbox 125 1744 329 1819; x_wconf 71' lang='lat' dir='ltr'>gnifloautur,</span> <span class='ocrx_word' id='word_1_206' title='bbox 350 1760 418 1800; x_wconf 89' lang='lat' dir='ltr'>eum</span> <span class='ocrx_word' id='word_1_207' title='bbox 443 1760 489 1801; x_wconf 87' lang='lat' dir='ltr'>res</span> <span class='ocrx_word' id='word_1_208' title='bbox 514 1760 579 1816; x_wconf 82' lang='lat' dir='ltr'>qum</span> <span class='ocrx_word' id='word_1_209' title='bbox 601 1743 785 1818; x_wconf 82' lang='lat' dir='ltr'>significatur</span> <span class='ocrx_word' id='word_1_210' title='bbox 807 1741 967 1800; x_wconf 81' lang='lat' dir='ltr'>advenerit.</span> <span class='ocrx_word' id='word_1_211' title='bbox 1021 1757 1088 1799; x_wconf 87' lang='lat' dir='ltr'>ecoe</span> <span class='ocrx_word' id='word_1_212' title='bbox 1103 1745 1355 1816; x_wconf 80' lang='lat' dir='ltr'>quemadmodum</span> <span class='ocrx_word' id='word_1_213' title='bbox 1370 1748 1425 1804; x_wconf 83' lang='lat' dir='ltr'>lea</span> <span class='ocrx_word' id='word_1_214' title='bbox 1438 1751 1707 1821; x_wconf 80' lang='lat' dir='ltr'>amestpeccatum;</span> <span class='ocrx_word' id='word_1_215' title='bbox 1723 1752 1853 1820; x_wconf 64' lang='lat' dir='ltr'>etmari-</span> 
     </span>
     <span class='ocr_line' id='line_1_17' title="bbox 123 1829 1854 1907; baseline 0.004 -17"><span class='ocrx_word' id='word_1_216' title='bbox 123 1833 393 1900; x_wconf 78' lang='lat' dir='ltr'>Quemadmodum</span> <span class='ocrx_word' id='word_1_217' title='bbox 407 1834 486 1890; x_wconf 90' lang='lat' dir='ltr'>enim</span> <span class='ocrx_word' id='word_1_218' title='bbox 499 1831 683 1906; x_wconf 83' lang='lat' dir='ltr'>scentiaqua</span> <span class='ocrx_word' id='word_1_219' title='bbox 699 1849 776 1889; x_wconf 91' lang='lat' dir='ltr'>nunc</span> <span class='ocrx_word' id='word_1_220' title='bbox 790 1837 844 1901; x_wconf 87' lang='lat' dir='ltr'>est,</span> <span class='ocrx_word' id='word_1_221' title='bbox 854 1848 968 1889; x_wconf 87' lang='lat' dir='ltr'>euacua·</span> <span class='ocrx_word' id='word_1_222' title='bbox 1020 1829 1115 1888; x_wconf 63' lang='lat' dir='ltr'>mium</span> <span class='ocrx_word' id='word_1_223' title='bbox 1129 1835 1233 1890; x_wconf 86' lang='lat' dir='ltr'>eratin</span> <span class='ocrx_word' id='word_1_224' title='bbox 1247 1835 1353 1898; x_wconf 79' lang='lat' dir='ltr'>uitam:</span> <span class='ocrx_word' id='word_1_225' title='bbox 1377 1840 1416 1906; x_wconf 87' lang='lat' dir='ltr'>et,</span> <span class='ocrx_word' id='word_1_226' title='bbox 1443 1837 1488 1894; x_wconf 85' lang='lat' dir='ltr'>teu</span> <span class='ocrx_word' id='word_1_227' title='bbox 1514 1845 1619 1907; x_wconf 88' lang='lat' dir='ltr'>saneta,</span> <span class='ocrx_word' id='word_1_228' title='bbox 1635 1841 1662 1894; x_wconf 89' lang='lat' dir='ltr'>et</span> <span class='ocrx_word' id='word_1_229' title='bbox 1689 1837 1854 1897; x_wconf 75' lang='lat' dir='ltr'>maeatas</span> 
     </span>
     <span class='ocr_line' id='line_1_18' title="bbox 129 1920 1852 2002; baseline 0.004 -22"><span class='ocrx_word' id='word_1_230' title='bbox 129 1922 226 1996; x_wconf 79' lang='lat' dir='ltr'>bitur,</span> <span class='ocrx_word' id='word_1_231' title='bbox 242 1922 319 1979; x_wconf 90' lang='lat' dir='ltr'>siout</span> <span class='ocrx_word' id='word_1_232' title='bbox 333 1923 409 1980; x_wconf 90' lang='lat' dir='ltr'>idem</span> <span class='ocrx_word' id='word_1_233' title='bbox 430 1922 501 1979; x_wconf 87' lang='lat' dir='ltr'>dicit</span> <span class='ocrx_word' id='word_1_234' title='bbox 516 1922 677 1996; x_wconf 86' lang='lat' dir='ltr'>apostolus,</span> <span class='ocrx_word' id='word_1_235' title='bbox 695 1939 763 1979; x_wconf 93' lang='lat' dir='ltr'>cum</span> <span class='ocrx_word' id='word_1_236' title='bbox 786 1923 897 1978; x_wconf 81' lang='lat' dir='ltr'>venerit</span> <span class='ocrx_word' id='word_1_237' title='bbox 916 1920 968 1978; x_wconf 91' lang='lat' dir='ltr'>illa</span> <span class='ocrx_word' id='word_1_238' title='bbox 1020 1924 1146 1978; x_wconf 86' lang='lat' dir='ltr'>sanetum</span> <span class='ocrx_word' id='word_1_239' title='bbox 1159 1927 1187 1979; x_wconf 85' lang='lat' dir='ltr'>et</span> <span class='ocrx_word' id='word_1_240' title='bbox 1197 1924 1305 1995; x_wconf 82' lang='lat' dir='ltr'>justum</span> <span class='ocrx_word' id='word_1_241' title='bbox 1318 1927 1346 1981; x_wconf 85' lang='lat' dir='ltr'>et</span> <span class='ocrx_word' id='word_1_242' title='bbox 1357 1926 1458 1983; x_wconf 84' lang='lat' dir='ltr'>tomam</span> <span class='ocrx_word' id='word_1_243' title='bbox 1471 1945 1481 1983; x_wconf 94' lang='lat'><em>:</em></span> <span class='ocrx_word' id='word_1_244' title='bbox 1495 1930 1524 1983; x_wconf 86' lang='lat' dir='ltr'>et</span> <span class='ocrx_word' id='word_1_245' title='bbox 1540 1934 1634 1984; x_wconf 85' lang='lat' dir='ltr'>tamen</span> <span class='ocrx_word' id='word_1_246' title='bbox 1651 1927 1770 2000; x_wconf 89' lang='lat' dir='ltr'>quiade</span> <span class='ocrx_word' id='word_1_247' title='bbox 1787 1927 1852 2002; x_wconf 85' lang='lat' dir='ltr'>ipso</span> 
     </span>
     <span class='ocr_line' id='line_1_19' title="bbox 123 2009 1850 2087; baseline 0.005 -19"><span class='ocrx_word' id='word_1_248' title='bbox 123 2028 227 2086; x_wconf 78' lang='lat' dir='ltr'>quam</span> <span class='ocrx_word' id='word_1_249' title='bbox 242 2011 324 2080; x_wconf 90' lang='lat' dir='ltr'>dicit,</span> <span class='ocrx_word' id='word_1_250' title='bbox 339 2012 642 2085; x_wconf 70' lang='lat' dir='ltr'>[amendsaciemlssl</span> <span class='ocrx_word' id='word_1_251' title='bbox 657 2009 966 2080; x_wconf 83' lang='lat' dir='ltr'>Cor.xnr,10,12):sio</span> <span class='ocrx_word' id='word_1_252' title='bbox 1020 2009 1096 2067; x_wconf 91' lang='lat' dir='ltr'>bono</span> <span class='ocrx_word' id='word_1_253' title='bbox 1112 2010 1288 2071; x_wconf 85' lang='lat' dir='ltr'>interficitur</span> <span class='ocrx_word' id='word_1_254' title='bbox 1304 2014 1475 2072; x_wconf 87' lang='lat' dir='ltr'>inobediens</span> <span class='ocrx_word' id='word_1_255' title='bbox 1502 2015 1611 2087; x_wconf 89' lang='lat' dir='ltr'>anima,</span> <span class='ocrx_word' id='word_1_256' title='bbox 1633 2016 1683 2073; x_wconf 92' lang='lat' dir='ltr'>ubi</span> <span class='ocrx_word' id='word_1_257' title='bbox 1713 2017 1762 2074; x_wconf 78' lang='lat' dir='ltr'>liei</span> <span class='ocrx_word' id='word_1_258' title='bbox 1790 2034 1850 2076; x_wconf 88' lang='lat' dir='ltr'>non</span> 
     </span>
     <span class='ocr_line' id='line_1_20' title="bbox 117 2097 1849 2175; baseline 0.003 -16"><span class='ocrx_word' id='word_1_259' title='bbox 117 2101 301 2175; x_wconf 75' lang='lat' dir='ltr'>ctistaqua</span> <span class='ocrx_word' id='word_1_260' title='bbox 314 2101 343 2157; x_wconf 89' lang='lat' dir='ltr'>in</span> <span class='ocrx_word' id='word_1_261' title='bbox 357 2101 484 2158; x_wconf 81' lang='lat' dir='ltr'>umbris²</span> <span class='ocrx_word' id='word_1_262' title='bbox 493 2102 600 2158; x_wconf 89' lang='lat' dir='ltr'>tradita</span> <span class='ocrx_word' id='word_1_263' title='bbox 612 2100 811 2159; x_wconf 84' lang='lat' dir='ltr'>erantludmis</span> <span class='ocrx_word' id='word_1_264' title='bbox 822 2100 851 2155; x_wconf 92' lang='lat' dir='ltr'>in</span> <span class='ocrx_word' id='word_1_265' title='bbox 862 2099 967 2156; x_wconf 88' lang='lat' dir='ltr'>Vetere</span> <span class='ocrx_word' id='word_1_266' title='bbox 1020 2097 1141 2171; x_wconf 84' lang='lat' dir='ltr'>adjuvat</span> <span class='ocrx_word' id='word_1_267' title='bbox 1155 2102 1261 2175; x_wconf 80' lang='lat' dir='ltr'>gratia,</span> <span class='ocrx_word' id='word_1_268' title='bbox 1277 2103 1457 2161; x_wconf 82' lang='lat' dir='ltr'>ministratio</span> <span class='ocrx_word' id='word_1_269' title='bbox 1473 2105 1578 2162; x_wconf 86' lang='lat' dir='ltr'>mortis</span> <span class='ocrx_word' id='word_1_270' title='bbox 1592 2105 1670 2162; x_wconf 83' lang='lat' dir='ltr'>tacta</span> <span class='ocrx_word' id='word_1_271' title='bbox 1688 2111 1733 2162; x_wconf 92' lang='lat' dir='ltr'>est</span> <span class='ocrx_word' id='word_1_272' title='bbox 1747 2111 1803 2163; x_wconf 81' lang='lat' dir='ltr'>bsx</span> <span class='ocrx_word' id='word_1_273' title='bbox 1818 2107 1849 2166; x_wconf 87' lang='lat' dir='ltr'>in</span> 
     </span>
     <span class='ocr_line' id='line_1_21' title="bbox 113 2187 1849 2265; baseline 0.003 -17"><span class='ocrx_word' id='word_1_274' title='bbox 113 2190 337 2261; x_wconf 73' lang='lat' dir='ltr'>Testamenta,</span> <span class='ocrx_word' id='word_1_275' title='bbox 354 2206 474 2248; x_wconf 89' lang='lat' dir='ltr'>necesse</span> <span class='ocrx_word' id='word_1_276' title='bbox 489 2191 544 2247; x_wconf 86' lang='lat' dir='ltr'>luit</span> <span class='ocrx_word' id='word_1_277' title='bbox 558 2190 692 2248; x_wconf 86' lang='lat' dir='ltr'>evacuari</span> <span class='ocrx_word' id='word_1_278' title='bbox 708 2188 882 2248; x_wconf 89' lang='lat' dir='ltr'>revelatione</span> <span class='ocrx_word' id='word_1_279' title='bbox 896 2189 965 2246; x_wconf 87' lang='lat' dir='ltr'>Tes-</span> <span class='ocrx_word' id='word_1_280' title='bbox 1019 2187 1116 2245; x_wconf 91' lang='lat' dir='ltr'>Veteri</span> <span class='ocrx_word' id='word_1_281' title='bbox 1131 2190 1321 2248; x_wconf 86' lang='lat' dir='ltr'>Testamenta</span> <span class='ocrx_word' id='word_1_282' title='bbox 1333 2197 1451 2265; x_wconf 90' lang='lat' dir='ltr'>propter</span> <span class='ocrx_word' id='word_1_283' title='bbox 1465 2193 1646 2251; x_wconf 87' lang='lat' dir='ltr'>occidentem</span> <span class='ocrx_word' id='word_1_284' title='bbox 1662 2193 1804 2264; x_wconf 85' lang='lat' dir='ltr'>litteram;</span> <span class='ocrx_word' id='word_1_285' title='bbox 1819 2199 1849 2254; x_wconf 88' lang='lat' dir='ltr'>st</span> 
     </span>
     <span class='ocr_line' id='line_1_22' title="bbox 108 2278 1848 2356; baseline 0.003 -19"><span class='ocrx_word' id='word_1_286' title='bbox 108 2280 262 2339; x_wconf 77' lang='lat' dir='ltr'>tumenti</span> <span class='ocrx_word' id='word_1_287' title='bbox 276 2279 361 2337; x_wconf 88' lang='lat' dir='ltr'>Novi.</span> <span class='ocrx_word' id='word_1_288' title='bbox 1019 2278 1197 2336; x_wconf 85' lang='lat' dir='ltr'>ministratio</span> <span class='ocrx_word' id='word_1_289' title='bbox 1207 2280 1272 2337; x_wconf 83' lang='lat' dir='ltr'>vita</span> <span class='ocrx_word' id='word_1_290' title='bbox 1290 2281 1365 2338; x_wconf 83' lang='lat' dir='ltr'>iacta</span> <span class='ocrx_word' id='word_1_291' title='bbox 1375 2282 1523 2356; x_wconf 87' lang='lat' dir='ltr'>estgratia</span> <span class='ocrx_word' id='word_1_292' title='bbox 1533 2283 1563 2339; x_wconf 89' lang='lat' dir='ltr'>iu</span> <span class='ocrx_word' id='word_1_293' title='bbox 1573 2299 1647 2340; x_wconf 85' lang='lat' dir='ltr'>novo</span> <span class='ocrx_word' id='word_1_294' title='bbox 1657 2285 1848 2342; x_wconf 79' lang='lat' dir='ltr'>Testamenta</span> 
     </span>
     <span class='ocr_line' id='line_1_23' title="bbox 164 2366 1849 2444; baseline 0.003 -18"><span class='ocrx_word' id='word_1_295' title='bbox 164 2369 467 2426; x_wconf 84' lang='lat' dir='ltr'>27.Necsaneomnes</span> <span class='ocrx_word' id='word_1_296' title='bbox 477 2368 506 2424; x_wconf 92' lang='lat' dir='ltr'>in</span> <span class='ocrx_word' id='word_1_297' title='bbox 516 2367 564 2426; x_wconf 88' lang='lat' dir='ltr'>illo</span> <span class='ocrx_word' id='word_1_298' title='bbox 574 2368 680 2441; x_wconf 90' lang='lat' dir='ltr'>populo</span> <span class='ocrx_word' id='word_1_299' title='bbox 693 2384 750 2425; x_wconf 91' lang='lat' dir='ltr'>non</span> <span class='ocrx_word' id='word_1_300' title='bbox 762 2366 967 2441; x_wconf 81' lang='lat' dir='ltr'>intelligebant</span> <span class='ocrx_word' id='word_1_301' title='bbox 1019 2371 1139 2440; x_wconf 85' lang='lat' dir='ltr'>propter</span> <span class='ocrx_word' id='word_1_302' title='bbox 1152 2368 1346 2426; x_wconf 83' lang='lat' dir='ltr'>vivificantem</span> <span class='ocrx_word' id='word_1_303' title='bbox 1357 2371 1507 2444; x_wconf 87' lang='lat' dir='ltr'>spiritum.</span> <span class='ocrx_word' id='word_1_304' title='bbox 1521 2372 1602 2440; x_wconf 85' lang='lat' dir='ltr'>Quod</span> <span class='ocrx_word' id='word_1_305' title='bbox 1618 2376 1663 2429; x_wconf 88' lang='lat' dir='ltr'>est</span> <span class='ocrx_word' id='word_1_306' title='bbox 1678 2377 1784 2444; x_wconf 85' lang='lat' dir='ltr'>autem,</span> <span class='ocrx_word' id='word_1_307' title='bbox 1794 2374 1849 2431; x_wconf 87' lang='lat' dir='ltr'>mi·</span> 
     </span>
     <span class='ocr_line' id='line_1_24' title="bbox 103 2456 1848 2534; baseline 0.002 -17"><span class='ocrx_word' id='word_1_308' title='bbox 103 2458 289 2517; x_wconf 74' lang='lat' dir='ltr'>Christum</span> <span class='ocrx_word' id='word_1_309' title='bbox 301 2458 427 2532; x_wconf 90' lang='lat' dir='ltr'>perillas</span> <span class='ocrx_word' id='word_1_310' title='bbox 438 2460 558 2515; x_wconf 89' lang='lat' dir='ltr'>umbras</span> <span class='ocrx_word' id='word_1_311' title='bbox 576 2458 755 2515; x_wconf 82' lang='lat' dir='ltr'>Testamenti</span> <span class='ocrx_word' id='word_1_312' title='bbox 769 2457 877 2514; x_wconf 81' lang='lat' dir='ltr'>Veteris</span> <span class='ocrx_word' id='word_1_313' title='bbox 888 2456 965 2530; x_wconf 81' lang='lat' dir='ltr'>tigu-</span> <span class='ocrx_word' id='word_1_314' title='bbox 1017 2457 1147 2514; x_wconf 83' lang='lat' dir='ltr'>nistratio</span> <span class='ocrx_word' id='word_1_315' title='bbox 1161 2461 1256 2516; x_wconf 89' lang='lat' dir='ltr'>mortis</span> <span class='ocrx_word' id='word_1_316' title='bbox 1271 2468 1297 2517; x_wconf 90' lang='lat' dir='ltr'>et</span> <span class='ocrx_word' id='word_1_317' title='bbox 1310 2462 1479 2518; x_wconf 77' lang='lat' dir='ltr'>maurentio</span> <span class='ocrx_word' id='word_1_318' title='bbox 1494 2460 1699 2532; x_wconf 76' lang='lat' dir='ltr'>damnationis3</span> <span class='ocrx_word' id='word_1_319' title='bbox 1714 2462 1770 2520; x_wconf 89' lang='lat' dir='ltr'>hoo</span> <span class='ocrx_word' id='word_1_320' title='bbox 1792 2467 1848 2534; x_wconf 90' lang='lat' dir='ltr'>est,</span> 
     </span>
     <span class='ocr_line' id='line_1_25' title="bbox 100 2546 1851 2624; baseline 0.002 -17"><span class='ocrx_word' id='word_1_321' title='bbox 100 2553 254 2607; x_wconf 79' lang='lat' dir='ltr'>ratum:</span> <span class='ocrx_word' id='word_1_322' title='bbox 269 2549 456 2622; x_wconf 89' lang='lat' dir='ltr'>nequeenim</span> <span class='ocrx_word' id='word_1_323' title='bbox 473 2548 534 2604; x_wconf 86' lang='lat' dir='ltr'>heo</span> <span class='ocrx_word' id='word_1_324' title='bbox 550 2548 612 2622; x_wconf 89' lang='lat' dir='ltr'>ipse</span> <span class='ocrx_word' id='word_1_325' title='bbox 627 2548 742 2622; x_wconf 83' lang='lat' dir='ltr'>Moyses</span> <span class='ocrx_word' id='word_1_326' title='bbox 753 2550 783 2603; x_wconf 88' lang='lat' dir='ltr'>et</span> <span class='ocrx_word' id='word_1_327' title='bbox 792 2546 887 2604; x_wconf 82' lang='lat' dir='ltr'>aeteri</span> <span class='ocrx_word' id='word_1_328' title='bbox 898 2550 965 2603; x_wconf 89' lang='lat' dir='ltr'>Pro·</span> <span class='ocrx_word' id='word_1_329' title='bbox 1020 2548 1170 2605; x_wconf 88' lang='lat' dir='ltr'>Occasione</span> <span class='ocrx_word' id='word_1_330' title='bbox 1183 2553 1297 2618; x_wconf 84' lang='lat' dir='ltr'>accepto</span> <span class='ocrx_word' id='word_1_331' title='bbox 1309 2558 1453 2622; x_wconf 89' lang='lat' dir='ltr'>peccatum</span> <span class='ocrx_word' id='word_1_332' title='bbox 1465 2567 1516 2622; x_wconf 88' lang='lat' dir='ltr'>per</span> <span class='ocrx_word' id='word_1_333' title='bbox 1529 2550 1694 2607; x_wconf 86' lang='lat' dir='ltr'>mandatum</span> <span class='ocrx_word' id='word_1_334' title='bbox 1710 2561 1851 2624; x_wconf 87' lang='lat' dir='ltr'>operatum</span> 
     </span>
     <span class='ocr_line' id='line_1_26' title="bbox 98 2636 1850 2711; baseline 0.001 -15"><span class='ocrx_word' id='word_1_335' title='bbox 98 2638 231 2710; x_wconf 73' lang='lat' dir='ltr'>pheta</span> <span class='ocrx_word' id='word_1_336' title='bbox 242 2655 301 2696; x_wconf 90' lang='lat' dir='ltr'>nou</span> <span class='ocrx_word' id='word_1_337' title='bbox 313 2637 525 2711; x_wconf 84' lang='lat' dir='ltr'>intelligebant,</span> <span class='ocrx_word' id='word_1_338' title='bbox 542 2637 592 2709; x_wconf 89' lang='lat' dir='ltr'>qui</span> <span class='ocrx_word' id='word_1_339' title='bbox 607 2654 674 2694; x_wconf 87' lang='lat' dir='ltr'>eum</span> <span class='ocrx_word' id='word_1_340' title='bbox 688 2636 812 2709; x_wconf 86' lang='lat' dir='ltr'>posteris</span> <span class='ocrx_word' id='word_1_341' title='bbox 828 2652 965 2709; x_wconf 87' lang='lat' dir='ltr'>praenun-</span> <span class='ocrx_word' id='word_1_342' title='bbox 1018 2643 1057 2693; x_wconf 88' lang='lat' dir='ltr'>est</span> <span class='ocrx_word' id='word_1_343' title='bbox 1070 2638 1101 2692; x_wconf 85' lang='lat' dir='ltr'>irs</span> <span class='ocrx_word' id='word_1_344' title='bbox 1114 2653 1156 2693; x_wconf 84' lang='lat' dir='ltr'>me</span> <span class='ocrx_word' id='word_1_345' title='bbox 1168 2641 1544 2711; x_wconf 80' lang='lat' dir='ltr'>ornnemconcupisceatiam3</span> <span class='ocrx_word' id='word_1_346' title='bbox 1557 2639 1611 2695; x_wconf 91' lang='lat' dir='ltr'>hoa</span> <span class='ocrx_word' id='word_1_347' title='bbox 1623 2640 1850 2707; x_wconf 59' lang='lat' dir='ltr'>beatisssimus</span> 
     </span>
     <span class='ocr_line' id='line_1_27' title="bbox 98 2725 1849 2801; baseline 0.001 -16"><span class='ocrx_word' id='word_1_348' title='bbox 98 2727 260 2785; x_wconf 66' lang='lat' dir='ltr'>hiabant.</span> <span class='ocrx_word' id='word_1_349' title='bbox 269 2727 344 2784; x_wconf 88' lang='lat' dir='ltr'>Nam</span> <span class='ocrx_word' id='word_1_350' title='bbox 356 2727 385 2783; x_wconf 90' lang='lat' dir='ltr'>in</span> <span class='ocrx_word' id='word_1_351' title='bbox 397 2728 462 2800; x_wconf 89' lang='lat' dir='ltr'>ipsa</span> <span class='ocrx_word' id='word_1_352' title='bbox 474 2725 647 2801; x_wconf 74' lang='lat' dir='ltr'>Epistolaad</span> <span class='ocrx_word' id='word_1_353' title='bbox 659 2725 833 2795; x_wconf 85' lang='lat' dir='ltr'>corinthios,</span> <span class='ocrx_word' id='word_1_354' title='bbox 844 2725 894 2782; x_wconf 88' lang='lat' dir='ltr'>ubi</span> <span class='ocrx_word' id='word_1_355' title='bbox 905 2725 965 2782; x_wconf 84' lang='lat' dir='ltr'>baso</span> <span class='ocrx_word' id='word_1_356' title='bbox 1018 2728 1147 2783; x_wconf 74' lang='lat' dir='ltr'>madata</span> <span class='ocrx_word' id='word_1_357' title='bbox 1159 2731 1299 2799; x_wconf 90' lang='lat' dir='ltr'>peccatum</span> <span class='ocrx_word' id='word_1_358' title='bbox 1308 2729 1424 2798; x_wconf 58' lang='lat' dir='ltr'>reuicta</span> <span class='ocrx_word' id='word_1_359' title='bbox 1440 2727 1495 2785; x_wconf 92' lang='lat' dir='ltr'>hoo</span> <span class='ocrx_word' id='word_1_360' title='bbox 1506 2731 1561 2799; x_wconf 90' lang='lat' dir='ltr'>est,</span> <span class='ocrx_word' id='word_1_361' title='bbox 1570 2733 1718 2786; x_wconf 82' lang='lat' dir='ltr'>inuentam</span> <span class='ocrx_word' id='word_1_362' title='bbox 1727 2734 1767 2786; x_wconf 83' lang='lat' dir='ltr'>est</span> <span class='ocrx_word' id='word_1_363' title='bbox 1777 2729 1849 2786; x_wconf 80' lang='lat' dir='ltr'>mibi</span> 
     </span>
     <span class='ocr_line' id='line_1_28' title="bbox 98 2815 1848 2890; baseline 0.001 -16"><span class='ocrx_word' id='word_1_364' title='bbox 98 2816 284 2886; x_wconf 66' lang='lat' dir='ltr'>dicuntur,</span> <span class='ocrx_word' id='word_1_365' title='bbox 296 2834 360 2890; x_wconf 84' lang='lat' dir='ltr'>qua</span> <span class='ocrx_word' id='word_1_366' title='bbox 372 2816 428 2873; x_wconf 88' lang='lat' dir='ltr'>isto</span> <span class='ocrx_word' id='word_1_367' title='bbox 444 2834 501 2873; x_wconf 90' lang='lat' dir='ltr'>non</span> <span class='ocrx_word' id='word_1_368' title='bbox 513 2816 682 2890; x_wconf 80' lang='lat' dir='ltr'>intelligens</span> <span class='ocrx_word' id='word_1_369' title='bbox 703 2815 801 2889; x_wconf 91' lang='lat' dir='ltr'>posuit</span> <span class='ocrx_word' id='word_1_370' title='bbox 821 2819 964 2888; x_wconf 88' lang='lat' dir='ltr'>tanquam</span> <span class='ocrx_word' id='word_1_371' title='bbox 1018 2815 1182 2874; x_wconf 86' lang='lat' dir='ltr'>mandatum</span> <span class='ocrx_word' id='word_1_372' title='bbox 1195 2817 1337 2890; x_wconf 84' lang='lat' dir='ltr'>quoderat</span> <span class='ocrx_word' id='word_1_373' title='bbox 1349 2821 1480 2884; x_wconf 80' lang='lat' dir='ltr'>inuitam,</span> <span class='ocrx_word' id='word_1_374' title='bbox 1492 2820 1608 2876; x_wconf 78' lang='lat' dir='ltr'>lacesse</span> <span class='ocrx_word' id='word_1_375' title='bbox 1618 2820 1649 2876; x_wconf 81' lang='lat' dir='ltr'>ia</span> <span class='ocrx_word' id='word_1_376' title='bbox 1658 2821 1848 2884; x_wconf 85' lang='lat' dir='ltr'>mortem,·boo</span> 
     </span>
     <span class='ocr_line' id='line_1_29' title="bbox 98 2905 1846 2983; baseline 0.001 -18"><span class='ocrx_word' id='word_1_377' title='bbox 98 2908 255 2966; x_wconf 63' lang='lat' dir='ltr'>adversa</span> <span class='ocrx_word' id='word_1_378' title='bbox 265 2907 424 2964; x_wconf 89' lang='lat' dir='ltr'>etinimioa</span> <span class='ocrx_word' id='word_1_379' title='bbox 448 2906 544 2964; x_wconf 88' lang='lat' dir='ltr'>Veteri</span> <span class='ocrx_word' id='word_1_380' title='bbox 551 2908 747 2976; x_wconf 88' lang='lat' dir='ltr'>Testamenta,</span> <span class='ocrx_word' id='word_1_381' title='bbox 755 2922 807 2961; x_wconf 91' lang='lat' dir='ltr'>aur</span> <span class='ocrx_word' id='word_1_382' title='bbox 816 2905 898 2974; x_wconf 88' lang='lat' dir='ltr'>dicit,</span> <span class='ocrx_word' id='word_1_383' title='bbox 907 2909 965 2961; x_wconf 86' lang='lat' dir='ltr'>lta·</span> <span class='ocrx_word' id='word_1_384' title='bbox 1018 2909 1073 2977; x_wconf 86' lang='lat' dir='ltr'>est,</span> <span class='ocrx_word' id='word_1_385' title='bbox 1089 2906 1235 2964; x_wconf 80' lang='lat' dir='ltr'>Occasione</span> <span class='ocrx_word' id='word_1_386' title='bbox 1248 2912 1360 2977; x_wconf 87' lang='lat' dir='ltr'>accepta</span> <span class='ocrx_word' id='word_1_387' title='bbox 1374 2917 1515 2980; x_wconf 88' lang='lat' dir='ltr'>peecatum</span> <span class='ocrx_word' id='word_1_388' title='bbox 1526 2925 1578 2981; x_wconf 86' lang='lat' dir='ltr'>per</span> <span class='ocrx_word' id='word_1_389' title='bbox 1585 2908 1750 2966; x_wconf 86' lang='lat' dir='ltr'>mandatum</span> <span class='ocrx_word' id='word_1_390' title='bbox 1763 2909 1846 2983; x_wconf 74' lang='lat' dir='ltr'>sefel-</span> 
     </span>
     <span class='ocr_line' id='line_1_30' title="bbox 98 2993 1837 3069; baseline 0.002 -16"><span class='ocrx_word' id='word_1_391' title='bbox 98 2998 223 3055; x_wconf 62' lang='lat' dir='ltr'>beares</span> <span class='ocrx_word' id='word_1_392' title='bbox 240 2999 334 3053; x_wconf 88' lang='lat' dir='ltr'>autem</span> <span class='ocrx_word' id='word_1_393' title='bbox 351 2997 478 3053; x_wconf 86' lang='lat' dir='ltr'>eumdem</span> <span class='ocrx_word' id='word_1_394' title='bbox 495 2997 625 3069; x_wconf 86' lang='lat' dir='ltr'>spiritum</span> <span class='ocrx_word' id='word_1_395' title='bbox 646 2994 720 3066; x_wconf 76' lang='lat' dir='ltr'>fidei,</span> <span class='ocrx_word' id='word_1_396' title='bbox 737 2993 965 3066; x_wconf 79' lang='lat' dir='ltr'>secundumquod</span> <span class='ocrx_word' id='word_1_397' title='bbox 1019 2994 1052 3050; x_wconf 85' lang='lat' dir='ltr'>lit</span> <span class='ocrx_word' id='word_1_398' title='bbox 1065 3011 1117 3065; x_wconf 91' lang='lat' dir='ltr'>me,</span> <span class='ocrx_word' id='word_1_399' title='bbox 1133 3004 1160 3052; x_wconf 87' lang='lat' dir='ltr'>et</span> <span class='ocrx_word' id='word_1_400' title='bbox 1172 3012 1222 3068; x_wconf 83' lang='lat' dir='ltr'>per</span> <span class='ocrx_word' id='word_1_401' title='bbox 1235 2997 1307 3053; x_wconf 85' lang='lat' dir='ltr'>iilud</span> <span class='ocrx_word' id='word_1_402' title='bbox 1320 2997 1439 3063; x_wconf 82' lang='lat' dir='ltr'>occidit,-</span> <span class='ocrx_word' id='word_1_403' title='bbox 1452 2997 1507 3054; x_wconf 90' lang='lat' dir='ltr'>hoo</span> <span class='ocrx_word' id='word_1_404' title='bbox 1523 3002 1577 3067; x_wconf 86' lang='lat' dir='ltr'>est,</span> <span class='ocrx_word' id='word_1_405' title='bbox 1597 2999 1652 3055; x_wconf 77' lang='lat' dir='ltr'>lae</span> <span class='ocrx_word' id='word_1_406' title='bbox 1667 3000 1837 3056; x_wconf 79' lang='lat' dir='ltr'>subintravit</span> 
     </span>
     <span class='ocr_line' id='line_1_31' title="bbox 98 3083 1847 3168; baseline 0.001 -24"><span class='ocrx_word' id='word_1_407' title='bbox 98 3088 268 3168; x_wconf 61' lang='lat' dir='ltr'>scriptum</span> <span class='ocrx_word' id='word_1_408' title='bbox 276 3094 317 3142; x_wconf 88' lang='lat' dir='ltr'>est</span> <span class='ocrx_word' id='word_1_409' title='bbox 324 3084 446 3158; x_wconf 87' lang='lat' dir='ltr'>credidi,</span> <span class='ocrx_word' id='word_1_410' title='bbox 466 3088 582 3158; x_wconf 83' lang='lat' dir='ltr'>propter</span> <span class='ocrx_word' id='word_1_411' title='bbox 599 3083 671 3158; x_wconf 91' lang='lat' dir='ltr'>quod</span> <span class='ocrx_word' id='word_1_412' title='bbox 694 3086 720 3141; x_wconf 89' lang='lat' dir='ltr'>et</span> <span class='ocrx_word' id='word_1_413' title='bbox 736 3085 841 3141; x_wconf 85' lang='lat' dir='ltr'>locutus</span> <span class='ocrx_word' id='word_1_414' title='bbox 852 3085 966 3140; x_wconf 77' lang='lat' dir='ltr'>samsai</span> <span class='ocrx_word' id='word_1_415' title='bbox 1017 3088 1050 3141; x_wconf 88' lang='lat' dir='ltr'>ut</span> <span class='ocrx_word' id='word_1_416' title='bbox 1058 3084 1212 3143; x_wconf 85' lang='lat' dir='ltr'>abundaret</span> <span class='ocrx_word' id='word_1_417' title='bbox 1223 3086 1350 3143; x_wconf 75' lang='lat' dir='ltr'>ditiorum</span> <span class='ocrx_word' id='word_1_418' title='bbox 1360 3088 1446 3159; x_wconf 83' lang='lat' dir='ltr'>(Rom.</span> <span class='ocrx_word' id='word_1_419' title='bbox 1456 3103 1485 3156; x_wconf 87' lang='lat' dir='ltr'>v,</span> <span class='ocrx_word' id='word_1_420' title='bbox 1500 3086 1559 3159; x_wconf 82' lang='lat'>20),·</span> <span class='ocrx_word' id='word_1_421' title='bbox 1570 3085 1626 3143; x_wconf 89' lang='lat' dir='ltr'>hoo</span> <span class='ocrx_word' id='word_1_422' title='bbox 1640 3091 1697 3155; x_wconf 86' lang='lat' dir='ltr'>eat,</span> <span class='ocrx_word' id='word_1_423' title='bbox 1710 3087 1847 3146; x_wconf 71' lang='lat' dir='ltr'>teatrum</span> 
     </span>
     <span class='ocr_line' id='line_1_32' title="bbox 98 3170 1848 3252; baseline -0.001 -17"><span class='ocrx_word' id='word_1_424' title='bbox 98 3174 335 3247; x_wconf 66' lang='lat' dir='ltr'>noseredinus,</span> <span class='ocrx_word' id='word_1_425' title='bbox 347 3173 822 3249; x_wconf 85' lang='lat' dir='ltr'>propterquodetloquimar(llCar.</span> <span class='ocrx_word' id='word_1_426' title='bbox 838 3190 877 3241; x_wconf 80' lang='grc' dir='ltr'>ιν,</span> <span class='ocrx_word' id='word_1_427' title='bbox 894 3170 965 3242; x_wconf 66' lang='grc'>13))</span> <span class='ocrx_word' id='word_1_428' title='bbox 1017 3182 1148 3245; x_wconf 86' lang='lat' dir='ltr'>operatur</span> <span class='ocrx_word' id='word_1_429' title='bbox 1159 3174 1209 3244; x_wconf 86' lang='lat' dir='ltr'>(ld.</span> <span class='ocrx_word' id='word_1_430' title='bbox 1225 3192 1263 3241; x_wconf 81' lang='grc' dir='ltr'>ιν,</span> <span class='ocrx_word' id='word_1_431' title='bbox 1280 3177 1325 3245; x_wconf 89' lang='lat'>15)</span> <span class='ocrx_word' id='word_1_432' title='bbox 1330 3194 1343 3240; x_wconf 92' lang='lat'>,·</span> <span class='ocrx_word' id='word_1_433' title='bbox 1360 3175 1415 3233; x_wconf 89' lang='lat' dir='ltr'>boo</span> <span class='ocrx_word' id='word_1_434' title='bbox 1431 3179 1486 3247; x_wconf 89' lang='lat' dir='ltr'>est,</span> <span class='ocrx_word' id='word_1_435' title='bbox 1506 3177 1599 3233; x_wconf 82' lang='lat' dir='ltr'>Virtus</span> <span class='ocrx_word' id='word_1_436' title='bbox 1620 3178 1727 3248; x_wconf 88' lang='lat' dir='ltr'>peccati</span> <span class='ocrx_word' id='word_1_437' title='bbox 1749 3179 1806 3235; x_wconf 84' lang='lat' dir='ltr'>Lea</span> <span class='ocrx_word' id='word_1_438' title='bbox 1823 3176 1848 3252; x_wconf 84' lang='grc' dir='ltr'>(Ι</span> 
     </span>
     <span class='ocr_line' id='line_1_33' title="bbox 98 3262 1847 3338; baseline -0.002 -12"><span class='ocrx_word' id='word_1_439' title='bbox 98 3266 183 3326; x_wconf 81' lang='lat' dir='ltr'>ubi</span> <span class='ocrx_word' id='word_1_440' title='bbox 194 3265 430 3338; x_wconf 86' lang='lat' dir='ltr'>euimsoriptum</span> <span class='ocrx_word' id='word_1_441' title='bbox 442 3263 814 3337; x_wconf 85' lang='lat' dir='ltr'>est,Credidi,propterquod</span> <span class='ocrx_word' id='word_1_442' title='bbox 824 3263 964 3319; x_wconf 85' lang='lat' dir='ltr'>etloeutus</span> <span class='ocrx_word' id='word_1_443' title='bbox 1019 3262 1079 3320; x_wconf 86' lang='lat' dir='ltr'>Car.</span> <span class='ocrx_word' id='word_1_444' title='bbox 1094 3280 1141 3333; x_wconf 84' lang='lat' dir='ltr'>xx,</span> <span class='ocrx_word' id='word_1_445' title='bbox 1156 3264 1213 3335; x_wconf 84' lang='lat'><strong>56).</strong></span> <span class='ocrx_word' id='word_1_446' title='bbox 1228 3263 1387 3322; x_wconf 88' lang='lat' dir='ltr'>Prohibitio</span> <span class='ocrx_word' id='word_1_447' title='bbox 1407 3264 1485 3322; x_wconf 84' lang='lat' dir='ltr'>euim</span> <span class='ocrx_word' id='word_1_448' title='bbox 1501 3264 1612 3338; x_wconf 88' lang='lat' dir='ltr'>peccati</span> <span class='ocrx_word' id='word_1_449' title='bbox 1628 3266 1706 3337; x_wconf 93' lang='lat' dir='ltr'>quod</span> <span class='ocrx_word' id='word_1_450' title='bbox 1722 3270 1767 3322; x_wconf 88' lang='lat' dir='ltr'>est</span> <span class='ocrx_word' id='word_1_451' title='bbox 1783 3267 1847 3334; x_wconf 83' lang='lat' dir='ltr'>Lex,</span> 
     </span>
     <span class='ocr_line' id='line_1_34' title="bbox 98 3349 1848 3428; baseline -0.001 -15"><span class='ocrx_word' id='word_1_452' title='bbox 98 3354 289 3428; x_wconf 63' lang='lat' dir='ltr'>tumlt‘sai.</span> <span class='ocrx_word' id='word_1_453' title='bbox 301 3353 586 3428; x_wconf 64' lang='lat' dir='ltr'>antemuralem</span> <span class='ocrx_word' id='word_1_454' title='bbox 599 3352 724 3409; x_wconf 81' lang='lat' dir='ltr'>Psalmis</span> <span class='ocrx_word' id='word_1_455' title='bbox 735 3351 770 3408; x_wconf 90' lang='lat' dir='ltr'>ad</span> <span class='ocrx_word' id='word_1_456' title='bbox 782 3350 833 3407; x_wconf 87' lang='lat' dir='ltr'>illa</span> <span class='ocrx_word' id='word_1_457' title='bbox 843 3350 893 3407; x_wconf 89' lang='lat' dir='ltr'>Dei</span> <span class='ocrx_word' id='word_1_458' title='bbox 905 3349 963 3408; x_wconf 88' lang='lat' dir='ltr'>elo·</span> <span class='ocrx_word' id='word_1_459' title='bbox 1018 3357 1106 3426; x_wconf 88' lang='lat' dir='ltr'>auget</span> <span class='ocrx_word' id='word_1_460' title='bbox 1121 3354 1249 3425; x_wconf 86' lang='lat' dir='ltr'>protecto</span> <span class='ocrx_word' id='word_1_461' title='bbox 1260 3353 1437 3410; x_wconf 88' lang='lat' dir='ltr'>desiderium</span> <span class='ocrx_word' id='word_1_462' title='bbox 1449 3355 1590 3427; x_wconf 88' lang='lat' dir='ltr'>peooaudi</span> <span class='ocrx_word' id='word_1_463' title='bbox 1603 3355 1699 3427; x_wconf 90' lang='lat' dir='ltr'>:quod</span> <span class='ocrx_word' id='word_1_464' title='bbox 1710 3371 1768 3412; x_wconf 91' lang='lat' dir='ltr'>nou</span> <span class='ocrx_word' id='word_1_465' title='bbox 1781 3371 1848 3412; x_wconf 86' lang='lat' dir='ltr'>exs-</span> 
     </span>
     <span class='ocr_line' id='line_1_35' title="bbox 98 3440 1879 3520; baseline -0.001 -19"><span class='ocrx_word' id='word_1_466' title='bbox 98 3443 206 3520; x_wconf 84' lang='lat' dir='ltr'>:1uia</span> <span class='ocrx_word' id='word_1_467' title='bbox 229 3444 458 3518; x_wconf 86' lang='lat' dir='ltr'>pertinentibus,</span> <span class='ocrx_word' id='word_1_468' title='bbox 476 3440 965 3516; x_wconf 73' lang='lat' dir='ltr'>quaereaitasuntsuasissem-</span> <span class='ocrx_word' id='word_1_469' title='bbox 1018 3440 1245 3515; x_wconf 81' lang='lat' dir='ltr'>tinguitur,nisi</span> <span class='ocrx_word' id='word_1_470' title='bbox 1266 3444 1410 3500; x_wconf 75' lang='lat' dir='ltr'>contrario</span> <span class='ocrx_word' id='word_1_471' title='bbox 1434 3442 1579 3499; x_wconf 86' lang='lat' dir='ltr'>desiderio</span> <span class='ocrx_word' id='word_1_472' title='bbox 1602 3446 1681 3500; x_wconf 88' lang='lat' dir='ltr'>reate</span> <span class='ocrx_word' id='word_1_473' title='bbox 1709 3443 1846 3515; x_wconf 83' lang='lat' dir='ltr'>laetandi,</span> <span class='ocrx_word' id='word_1_474' title='bbox 1876 3494 1879 3499; x_wconf 87' lang='lat'><em>.</em></span> 
     </span>
     <span class='ocr_line' id='line_1_36' title="bbox 98 3529 1847 3606; baseline 0.001 -18"><span class='ocrx_word' id='word_1_475' title='bbox 98 3534 206 3603; x_wconf 67' lang='lat' dir='ltr'>dam,</span> <span class='ocrx_word' id='word_1_476' title='bbox 223 3533 333 3606; x_wconf 91' lang='lat' dir='ltr'>inquit,</span> <span class='ocrx_word' id='word_1_477' title='bbox 344 3535 476 3606; x_wconf 85' lang='lat' dir='ltr'>spiritam</span> <span class='ocrx_word' id='word_1_478' title='bbox 494 3530 798 3604; x_wconf 74' lang='lat' dir='ltr'>fideiiabeutes:quid</span> <span class='ocrx_word' id='word_1_479' title='bbox 818 3534 872 3595; x_wconf 89' lang='lat' dir='ltr'>est,</span> <span class='ocrx_word' id='word_1_480' title='bbox 888 3546 964 3586; x_wconf 90' lang='lat' dir='ltr'>eum·</span> <span class='ocrx_word' id='word_1_481' title='bbox 1018 3529 1068 3587; x_wconf 91' lang='lat' dir='ltr'>ubi</span> <span class='ocrx_word' id='word_1_482' title='bbox 1078 3531 1201 3603; x_wconf 73' lang='lat' dir='ltr'>fidesper</span> <span class='ocrx_word' id='word_1_483' title='bbox 1214 3530 1389 3588; x_wconf 83' lang='lat' dir='ltr'>dilectionem</span> <span class='ocrx_word' id='word_1_484' title='bbox 1408 3534 1540 3604; x_wconf 87' lang='lat' dir='ltr'>operatur</span> <span class='ocrx_word' id='word_1_485' title='bbox 1555 3531 1655 3602; x_wconf 83' lang='lat' dir='ltr'>(Galat.</span> <span class='ocrx_word' id='word_1_486' title='bbox 1671 3549 1699 3596; x_wconf 82' lang='lat' dir='ltr'>v,</span> <span class='ocrx_word' id='word_1_487' title='bbox 1720 3532 1761 3603; x_wconf 85' lang='grc'>6).</span> <span class='ocrx_word' id='word_1_488' title='bbox 1786 3536 1847 3590; x_wconf 88' lang='lat' dir='ltr'>Hoo</span> 
     </span>
     <span class='ocr_line' id='line_1_37' title="bbox 98 3618 1846 3695; baseline -0.003 -13"><span class='ocrx_word' id='word_1_489' title='bbox 98 3629 207 3695; x_wconf 71' lang='lat' dir='ltr'>aem,</span> <span class='ocrx_word' id='word_1_490' title='bbox 224 3622 282 3679; x_wconf 86' lang='lat' dir='ltr'>nisi</span> <span class='ocrx_word' id='word_1_491' title='bbox 298 3639 385 3695; x_wconf 90' lang='lat' dir='ltr'>quem</span> <span class='ocrx_word' id='word_1_492' title='bbox 403 3622 549 3678; x_wconf 86' lang='lat' dir='ltr'>habebant</span> <span class='ocrx_word' id='word_1_493' title='bbox 576 3622 665 3677; x_wconf 89' lang='lat' dir='ltr'>etiam</span> <span class='ocrx_word' id='word_1_494' title='bbox 681 3618 723 3675; x_wconf 88' lang='lat' dir='ltr'>illi</span> <span class='ocrx_word' id='word_1_495' title='bbox 741 3636 792 3692; x_wconf 89' lang='lat' dir='ltr'>per</span> <span class='ocrx_word' id='word_1_496' title='bbox 811 3635 884 3691; x_wconf 90' lang='lat' dir='ltr'>quos</span> <span class='ocrx_word' id='word_1_497' title='bbox 905 3619 964 3675; x_wconf 82' lang='lat' dir='ltr'>baeo</span> <span class='ocrx_word' id='word_1_498' title='bbox 1017 3628 1188 3677; x_wconf 86' lang='lat' dir='ltr'>autemnon</span> <span class='ocrx_word' id='word_1_499' title='bbox 1207 3625 1326 3692; x_wconf 80' lang='lat' dir='ltr'>prestat</span> <span class='ocrx_word' id='word_1_500' title='bbox 1347 3619 1443 3676; x_wconf 86' lang='lat' dir='ltr'>littera</span> <span class='ocrx_word' id='word_1_501' title='bbox 1455 3620 1574 3693; x_wconf 76' lang='lat' dir='ltr'>tubane,</span> <span class='ocrx_word' id='word_1_502' title='bbox 1592 3621 1642 3676; x_wconf 89' lang='lat' dir='ltr'>sed</span> <span class='ocrx_word' id='word_1_503' title='bbox 1662 3618 1785 3692; x_wconf 85' lang='lat' dir='ltr'>spiritus</span> <span class='ocrx_word' id='word_1_504' title='bbox 1796 3621 1846 3691; x_wconf 85' lang='lat' dir='ltr'>jn·</span> 
     </span>
     <span class='ocr_line' id='line_1_38' title="bbox 98 3707 1846 3782; baseline -0.002 -13"><span class='ocrx_word' id='word_1_505' title='bbox 98 3707 965 3781; x_wconf 80' lang='lat' dir='ltr'>ministratasunticuretiemineademllpistoladeLege</span> <span class='ocrx_word' id='word_1_506' title='bbox 1017 3724 1089 3764; x_wconf 86' lang='lat' dir='ltr'>vans</span> <span class='ocrx_word' id='word_1_507' title='bbox 1106 3724 1113 3764; x_wconf 91' lang='lat'><strong>:</strong></span> <span class='ocrx_word' id='word_1_508' title='bbox 1130 3725 1188 3764; x_wconf 88' lang='lat' dir='ltr'>non</span> <span class='ocrx_word' id='word_1_509' title='bbox 1205 3708 1262 3765; x_wconf 88' lang='lat' dir='ltr'>Lex</span> <span class='ocrx_word' id='word_1_510' title='bbox 1276 3724 1355 3781; x_wconf 82' lang='lat' dir='ltr'>ergo,</span> <span class='ocrx_word' id='word_1_511' title='bbox 1371 3710 1422 3765; x_wconf 89' lang='lat' dir='ltr'>sed</span> <span class='ocrx_word' id='word_1_512' title='bbox 1437 3707 1612 3782; x_wconf 67' lang='lat' dir='ltr'>gratiamur</span> <span class='ocrx_word' id='word_1_513' title='bbox 1637 3708 1729 3765; x_wconf 86' lang='lat' dir='ltr'>Vetus</span> <span class='ocrx_word' id='word_1_514' title='bbox 1743 3709 1846 3765; x_wconf 82' lang='lat' dir='ltr'>Testa·</span> 
     </span>
     <span class='ocr_line' id='line_1_39' title="bbox 100 3796 1845 3872; baseline -0.003 -13"><span class='ocrx_word' id='word_1_515' title='bbox 100 3799 337 3859; x_wconf 70' lang='lat' dir='ltr'>testimouium</span> <span class='ocrx_word' id='word_1_516' title='bbox 371 3799 479 3872; x_wconf 87' lang='lat' dir='ltr'>posuit,</span> <span class='ocrx_word' id='word_1_517' title='bbox 505 3816 573 3856; x_wconf 85' lang='lat' dir='ltr'>oum</span> <span class='ocrx_word' id='word_1_518' title='bbox 598 3797 798 3871; x_wconf 83' lang='lat' dir='ltr'>premisisset,</span> <span class='ocrx_word' id='word_1_519' title='bbox 821 3797 852 3854; x_wconf 85' lang='lat' dir='ltr'>or</span> <span class='ocrx_word' id='word_1_520' title='bbox 873 3799 965 3853; x_wconf 83' lang='lat' dir='ltr'>vestra</span> <span class='ocrx_word' id='word_1_521' title='bbox 1018 3801 1149 3854; x_wconf 91' lang='lat' dir='ltr'>mentum</span> <span class='ocrx_word' id='word_1_522' title='bbox 1166 3800 1196 3854; x_wconf 83' lang='lat' dir='ltr'>ia</span> <span class='ocrx_word' id='word_1_523' title='bbox 1210 3799 1370 3855; x_wconf 87' lang='lat' dir='ltr'>servitutem</span> <span class='ocrx_word' id='word_1_524' title='bbox 1391 3813 1534 3868; x_wconf 76' lang='lat' dir='ltr'>neaeram,</span> <span class='ocrx_word' id='word_1_525' title='bbox 1551 3796 1676 3870; x_wconf 89' lang='lat' dir='ltr'>quodest</span> <span class='ocrx_word' id='word_1_526' title='bbox 1695 3797 1777 3870; x_wconf 75' lang='lat' dir='ltr'>daur,</span> <span class='ocrx_word' id='word_1_527' title='bbox 1794 3797 1845 3854; x_wconf 88' lang='lat' dir='ltr'>sed</span> 
     </span>
     <span class='ocr_line' id='line_1_40' title="bbox 108 3885 1847 3960; baseline -0.001 -14"><span class='ocrx_word' id='word_1_528' title='bbox 108 3887 360 3946; x_wconf 62' lang='lat' dir='ltr'>ahnmtiasit</span> <span class='ocrx_word' id='word_1_529' title='bbox 374 3889 535 3945; x_wconf 80' lang='lat' dir='ltr'>editiorem</span> <span class='ocrx_word' id='word_1_530' title='bbox 558 3887 692 3959; x_wconf 87' lang='lat' dir='ltr'>inopiam,</span> <span class='ocrx_word' id='word_1_531' title='bbox 702 3890 728 3942; x_wconf 94' lang='lat' dir='ltr'>et</span> <span class='ocrx_word' id='word_1_532' title='bbox 743 3886 859 3943; x_wconf 87' lang='lat' dir='ltr'>iliarum</span> <span class='ocrx_word' id='word_1_533' title='bbox 873 3885 964 3941; x_wconf 82' lang='lat' dir='ltr'>abun·</span> <span class='ocrx_word' id='word_1_534' title='bbox 1017 3887 1129 3943; x_wconf 87' lang='lat' dir='ltr'>Novum</span> <span class='ocrx_word' id='word_1_535' title='bbox 1151 3886 1181 3942; x_wconf 88' lang='lat' dir='ltr'>in</span> <span class='ocrx_word' id='word_1_536' title='bbox 1208 3903 1266 3960; x_wconf 90' lang='lat' dir='ltr'>quo</span> <span class='ocrx_word' id='word_1_537' title='bbox 1283 3903 1340 3944; x_wconf 93' lang='lat' dir='ltr'>non</span> <span class='ocrx_word' id='word_1_538' title='bbox 1362 3891 1433 3944; x_wconf 90' lang='lat' dir='ltr'>sunt</span> <span class='ocrx_word' id='word_1_539' title='bbox 1446 3887 1559 3944; x_wconf 75' lang='lat' dir='ltr'>anatra</span> <span class='ocrx_word' id='word_1_540' title='bbox 1574 3887 1641 3958; x_wconf 82' lang='lat' dir='ltr'>filii,</span> <span class='ocrx_word' id='word_1_541' title='bbox 1664 3886 1712 3943; x_wconf 86' lang='lat' dir='ltr'>sed</span> <span class='ocrx_word' id='word_1_542' title='bbox 1736 3886 1847 3955; x_wconf 73' lang='lat' dir='ltr'>liberat,</span> 
     </span>
     <span class='ocr_line' id='line_1_41' title="bbox 120 3974 1844 4050; baseline 0.001 -17"><span class='ocrx_word' id='word_1_543' title='bbox 120 3976 231 4034; x_wconf 60' lang='lat' dir='ltr'>&amp;ntra</span> <span class='ocrx_word' id='word_1_544' title='bbox 243 3979 293 4050; x_wconf 68' lang='lat' dir='ltr'>fiat</span> <span class='ocrx_word' id='word_1_545' title='bbox 308 3980 338 4035; x_wconf 83' lang='lat' dir='ltr'>irs</span> <span class='ocrx_word' id='word_1_546' title='bbox 352 3983 475 4034; x_wconf 86' lang='lat' dir='ltr'>uestram</span> <span class='ocrx_word' id='word_1_547' title='bbox 490 3977 625 4050; x_wconf 85' lang='lat' dir='ltr'>inopiam,</span> <span class='ocrx_word' id='word_1_548' title='bbox 635 3984 666 4032; x_wconf 87' lang='lat' dir='ltr'>ut</span> <span class='ocrx_word' id='word_1_549' title='bbox 679 3975 905 4047; x_wconf 72' lang='lat' dir='ltr'>fictaequalitas,·</span> <span class='ocrx_word' id='word_1_550' title='bbox 916 3992 965 4030; x_wconf 93' lang='lat' dir='ltr'>su·</span> <span class='ocrx_word' id='word_1_551' title='bbox 1017 3991 1074 4048; x_wconf 85' lang='lat' dir='ltr'>qua</span> <span class='ocrx_word' id='word_1_552' title='bbox 1087 3976 1213 4033; x_wconf 85' lang='lat' dir='ltr'>libertate</span> <span class='ocrx_word' id='word_1_553' title='bbox 1226 3976 1352 4034; x_wconf 80' lang='lat' dir='ltr'>atratus</span> <span class='ocrx_word' id='word_1_554' title='bbox 1366 3991 1416 4033; x_wconf 87' lang='lat' dir='ltr'>aas</span> <span class='ocrx_word' id='word_1_555' title='bbox 1439 3976 1566 4033; x_wconf 78' lang='lat' dir='ltr'>liberavit</span> <span class='ocrx_word' id='word_1_556' title='bbox 1586 3974 1636 4047; x_wconf 91' lang='lat' dir='ltr'>(ld.</span> <span class='ocrx_word' id='word_1_557' title='bbox 1653 3992 1694 4043; x_wconf 78' lang='grc' dir='ltr'>ιν,</span> <span class='ocrx_word' id='word_1_558' title='bbox 1718 3976 1763 4044; x_wconf 81' lang='lat' dir='ltr'>et,</span> <span class='ocrx_word' id='word_1_559' title='bbox 1786 3974 1844 4049; x_wconf 89' lang='grc'><strong>31).</strong></span> 
     </span>
     <span class='ocr_line' id='line_1_42' title="bbox 132 4063 1845 4141; baseline -0.001 -20"><span class='ocrx_word' id='word_1_560' title='bbox 132 4065 286 4141; x_wconf 69' lang='lat' dir='ltr'>iniungens</span> <span class='ocrx_word' id='word_1_561' title='bbox 297 4073 326 4124; x_wconf 86' lang='lat' dir='ltr'>et</span> <span class='ocrx_word' id='word_1_562' title='bbox 340 4067 452 4135; x_wconf 89' lang='lat' dir='ltr'>dicens,</span> <span class='ocrx_word' id='word_1_563' title='bbox 472 4069 541 4123; x_wconf 87' lang='lat' dir='ltr'>sicut</span> <span class='ocrx_word' id='word_1_564' title='bbox 555 4068 750 4138; x_wconf 80' lang='lat' dir='ltr'>scriptumest,</span> <span class='ocrx_word' id='word_1_565' title='bbox 766 4065 820 4134; x_wconf 83' lang='lat' dir='ltr'>Qui</span> <span class='ocrx_word' id='word_1_566' title='bbox 833 4065 963 4133; x_wconf 88' lang='lat' dir='ltr'>muttum,</span> <span class='ocrx_word' id='word_1_567' title='bbox 1018 4069 1053 4121; x_wconf 76' lang='lat' dir='ltr'>st</span> <span class='ocrx_word' id='word_1_568' title='bbox 1066 4069 1164 4121; x_wconf 88' lang='lat' dir='ltr'>tamen</span> <span class='ocrx_word' id='word_1_569' title='bbox 1176 4065 1234 4122; x_wconf 85' lang='lat' dir='ltr'>Lex</span> <span class='ocrx_word' id='word_1_570' title='bbox 1250 4070 1352 4124; x_wconf 88' lang='lat' dir='ltr'>sanata</span> <span class='ocrx_word' id='word_1_571' title='bbox 1366 4068 1421 4135; x_wconf 89' lang='lat' dir='ltr'>est,</span> <span class='ocrx_word' id='word_1_572' title='bbox 1435 4068 1464 4121; x_wconf 89' lang='lat' dir='ltr'>et</span> <span class='ocrx_word' id='word_1_573' title='bbox 1478 4063 1648 4121; x_wconf 89' lang='lat' dir='ltr'>mandatum</span> <span class='ocrx_word' id='word_1_574' title='bbox 1662 4067 1798 4121; x_wconf 89' lang='lat' dir='ltr'>sanctum</span> <span class='ocrx_word' id='word_1_575' title='bbox 1814 4067 1845 4121; x_wconf 88' lang='lat' dir='ltr'>et</span> 
     </span>
     <span class='ocr_line' id='line_1_43' title="bbox 143 4153 1844 4235; baseline 0.001 -25"><span class='ocrx_word' id='word_1_576' title='bbox 143 4169 199 4210; x_wconf 75' lang='lat' dir='ltr'>non</span> <span class='ocrx_word' id='word_1_577' title='bbox 209 4157 377 4226; x_wconf 68' lang='lat' dir='ltr'>aaronem</span> <span class='ocrx_word' id='word_1_578' title='bbox 394 4161 419 4213; x_wconf 93' lang='lat' dir='ltr'>et</span> <span class='ocrx_word' id='word_1_579' title='bbox 428 4155 634 4230; x_wconf 88' lang='lat' dir='ltr'>quimodicum,</span> <span class='ocrx_word' id='word_1_580' title='bbox 645 4153 790 4224; x_wconf 71' lang='lat' dir='ltr'>candescit</span> <span class='ocrx_word' id='word_1_581' title='bbox 797 4154 844 4209; x_wconf 87' lang='lat' dir='ltr'>illi</span> <span class='ocrx_word' id='word_1_582' title='bbox 849 4153 885 4224; x_wconf 89' lang='lat' dir='ltr'>(ll</span> <span class='ocrx_word' id='word_1_583' title='bbox 897 4154 961 4209; x_wconf 83' lang='lat' dir='ltr'>Car.</span> <span class='ocrx_word' id='word_1_584' title='bbox 1014 4155 1131 4228; x_wconf 89' lang='lat' dir='ltr'>justum</span> <span class='ocrx_word' id='word_1_585' title='bbox 1146 4155 1311 4213; x_wconf 79' lang='lat' dir='ltr'>sibonum.</span> <span class='ocrx_word' id='word_1_586' title='bbox 1326 4159 1382 4211; x_wconf 84' lang='lat' dir='ltr'>Per</span> <span class='ocrx_word' id='word_1_587' title='bbox 1402 4154 1458 4210; x_wconf 89' lang='lat' dir='ltr'>hoc</span> <span class='ocrx_word' id='word_1_588' title='bbox 1473 4154 1646 4210; x_wconf 87' lang='lat' dir='ltr'>mandatum</span> <span class='ocrx_word' id='word_1_589' title='bbox 1663 4157 1798 4235; x_wconf 68' lang='lat' dir='ltr'>sanetum</span> <span class='ocrx_word' id='word_1_590' title='bbox 1813 4155 1844 4211; x_wconf 88' lang='lat' dir='ltr'>et</span> 
     </span>
     <span class='ocr_line' id='line_1_44' title="bbox 149 4241 1844 4318; baseline 0 -20"><span class='ocrx_word' id='word_1_591' title='bbox 149 4254 203 4315; x_wconf 76' lang='grc' dir='ltr'>ιιι,</span> <span class='ocrx_word' id='word_1_592' title='bbox 213 4246 253 4317; x_wconf 82' lang='lat' dir='ltr'>lb,</span> <span class='ocrx_word' id='word_1_593' title='bbox 278 4246 339 4318; x_wconf 82' lang='lat' dir='ltr'>t5)?</span> <span class='ocrx_word' id='word_1_594' title='bbox 356 4246 414 4302; x_wconf 87' lang='lat' dir='ltr'>Cur</span> <span class='ocrx_word' id='word_1_595' title='bbox 437 4245 480 4302; x_wconf 90' lang='lat' dir='ltr'>eis</span> <span class='ocrx_word' id='word_1_596' title='bbox 495 4244 635 4317; x_wconf 88' lang='lat' dir='ltr'>importat</span> <span class='ocrx_word' id='word_1_597' title='bbox 651 4242 734 4316; x_wconf 85' lang='lat' dir='ltr'>Legis</span> <span class='ocrx_word' id='word_1_598' title='bbox 749 4242 963 4315; x_wconf 89' lang='lat' dir='ltr'>auotoritatem,</span> <span class='ocrx_word' id='word_1_599' title='bbox 1018 4244 1130 4313; x_wconf 77' lang='lat' dir='ltr'>lustum</span> <span class='ocrx_word' id='word_1_600' title='bbox 1144 4244 1304 4316; x_wconf 85' lang='lat' dir='ltr'>othonum,</span> <span class='ocrx_word' id='word_1_601' title='bbox 1320 4243 1350 4299; x_wconf 88' lang='lat' dir='ltr'>in</span> <span class='ocrx_word' id='word_1_602' title='bbox 1365 4242 1412 4299; x_wconf 85' lang='lat' dir='ltr'>bis</span> <span class='ocrx_word' id='word_1_603' title='bbox 1427 4242 1477 4314; x_wconf 88' lang='lat' dir='ltr'>qui</span> <span class='ocrx_word' id='word_1_604' title='bbox 1493 4258 1552 4298; x_wconf 90' lang='lat' dir='ltr'>non</span> <span class='ocrx_word' id='word_1_605' title='bbox 1577 4241 1686 4299; x_wconf 86' lang='lat' dir='ltr'>babent</span> <span class='ocrx_word' id='word_1_606' title='bbox 1705 4241 1844 4313; x_wconf 89' lang='lat' dir='ltr'>spiritum</span> 
     </span>
     <span class='ocr_line' id='line_1_45' title="bbox 158 4329 1844 4406; baseline -0.001 -17"><span class='ocrx_word' id='word_1_607' title='bbox 158 4343 228 4401; x_wconf 78' lang='lat' dir='ltr'>quam</span> <span class='ocrx_word' id='word_1_608' title='bbox 243 4335 315 4393; x_wconf 86' lang='lat' dir='ltr'>dicit</span> <span class='ocrx_word' id='word_1_609' title='bbox 329 4333 420 4392; x_wconf 84' lang='lat' dir='ltr'>tuisse</span> <span class='ocrx_word' id='word_1_610' title='bbox 435 4333 682 4392; x_wconf 87' lang='lat' dir='ltr'>ministrationem</span> <span class='ocrx_word' id='word_1_611' title='bbox 691 4331 805 4398; x_wconf 90' lang='lat' dir='ltr'>mortis,</span> <span class='ocrx_word' id='word_1_612' title='bbox 817 4331 842 4388; x_wconf 88' lang='lat' dir='ltr'>si</span> <span class='ocrx_word' id='word_1_613' title='bbox 855 4346 889 4387; x_wconf 87' lang='lat' dir='ltr'>eo</span> <span class='ocrx_word' id='word_1_614' title='bbox 902 4348 964 4388; x_wconf 93' lang='lat' dir='ltr'>mo·</span> <span class='ocrx_word' id='word_1_615' title='bbox 1019 4331 1125 4389; x_wconf 81' lang='lat' dir='ltr'>Christi</span> <span class='ocrx_word' id='word_1_616' title='bbox 1133 4336 1271 4406; x_wconf 86' lang='lat' dir='ltr'>operatur</span> <span class='ocrx_word' id='word_1_617' title='bbox 1279 4336 1430 4405; x_wconf 89' lang='lat' dir='ltr'>peecatum</span> <span class='ocrx_word' id='word_1_618' title='bbox 1439 4346 1556 4388; x_wconf 89' lang='lat' dir='ltr'>omnem</span> <span class='ocrx_word' id='word_1_619' title='bbox 1562 4329 1844 4403; x_wconf 84' lang='lat' dir='ltr'>concupiscentiam.</span> 
     </span>
     <span class='ocr_line' id='line_1_46' title="bbox 161 4416 1845 4497; baseline 0.001 -20"><span class='ocrx_word' id='word_1_620' title='bbox 161 4416 187 4476; x_wconf 80' lang='lat' dir='ltr'>do</span> <span class='ocrx_word' id='word_1_621' title='bbox 197 4423 341 4492; x_wconf 71' lang='lat' dir='ltr'>mutent,</span> <span class='ocrx_word' id='word_1_622' title='bbox 357 4424 504 4497; x_wconf 86' lang='lat' dir='ltr'>qu‘omodo</span> <span class='ocrx_word' id='word_1_623' title='bbox 521 4423 578 4480; x_wconf 89' lang='lat' dir='ltr'>ista</span> <span class='ocrx_word' id='word_1_624' title='bbox 592 4421 685 4496; x_wconf 90' lang='lat' dir='ltr'>pestis</span> <span class='ocrx_word' id='word_1_625' title='bbox 698 4418 859 4492; x_wconf 79' lang='lat' dir='ltr'>intelligit?</span> <span class='ocrx_word' id='word_1_626' title='bbox 1019 4421 1138 4491; x_wconf 80' lang='lat' dir='ltr'>Qualem</span> <span class='ocrx_word' id='word_1_627' title='bbox 1154 4437 1186 4478; x_wconf 92' lang='lat' dir='ltr'>se</span> <span class='ocrx_word' id='word_1_628' title='bbox 1201 4421 1292 4479; x_wconf 85' lang='lat' dir='ltr'>tuisse</span> <span class='ocrx_word' id='word_1_629' title='bbox 1305 4420 1335 4476; x_wconf 90' lang='lat' dir='ltr'>in</span> <span class='ocrx_word' id='word_1_630' title='bbox 1350 4419 1451 4476; x_wconf 86' lang='lat' dir='ltr'>Velare</span> <span class='ocrx_word' id='word_1_631' title='bbox 1469 4420 1655 4477; x_wconf 86' lang='lat' dir='ltr'>Testamenta</span> <span class='ocrx_word' id='word_1_632' title='bbox 1670 4417 1759 4475; x_wconf 88' lang='lat' dir='ltr'>etiam</span> <span class='ocrx_word' id='word_1_633' title='bbox 1781 4418 1845 4492; x_wconf 80' lang='lat' dir='ltr'>ipsa</span> 
     </span>
     <span class='ocr_line' id='line_1_47' title="bbox 182 4507 1845 4587; baseline -0.002 -18"><span class='ocrx_word' id='word_1_634' title='bbox 182 4511 323 4587; x_wconf 67' lang='lat' dir='ltr'>ibatque</span> <span class='ocrx_word' id='word_1_635' title='bbox 333 4517 476 4572; x_wconf 90' lang='lat' dir='ltr'>utomnas</span> <span class='ocrx_word' id='word_1_636' title='bbox 489 4516 660 4570; x_wconf 81' lang='lat' dir='ltr'>auferantur</span> <span class='ocrx_word' id='word_1_637' title='bbox 673 4510 825 4583; x_wconf 78' lang='lat' dir='ltr'>ambages,</span> <span class='ocrx_word' id='word_1_638' title='bbox 834 4524 964 4582; x_wconf 90' lang='lat' dir='ltr'>quonam</span> <span class='ocrx_word' id='word_1_639' title='bbox 1018 4509 1177 4583; x_wconf 79' lang='lat' dir='ltr'>Apostolus</span> <span class='ocrx_word' id='word_1_640' title='bbox 1190 4508 1359 4576; x_wconf 83' lang='lat' dir='ltr'>osteudens,</span> <span class='ocrx_word' id='word_1_641' title='bbox 1369 4508 1531 4578; x_wconf 84' lang='lat' dir='ltr'>Occasione,</span> <span class='ocrx_word' id='word_1_642' title='bbox 1547 4507 1650 4580; x_wconf 89' lang='lat' dir='ltr'>inquit,</span> <span class='ocrx_word' id='word_1_643' title='bbox 1665 4517 1777 4582; x_wconf 83' lang='lat' dir='ltr'>accepto</span> <span class='ocrx_word' id='word_1_644' title='bbox 1785 4525 1845 4582; x_wconf 87' lang='lat' dir='ltr'>pec-</span> 
     </span>
     <span class='ocr_line' id='line_1_48' title="bbox 158 4598 1845 4673; baseline -0.004 -11"><span class='ocrx_word' id='word_1_645' title='bbox 158 4605 325 4663; x_wconf 80' lang='lat' dir='ltr'>ttodoetLex</span> <span class='ocrx_word' id='word_1_646' title='bbox 340 4606 516 4664; x_wconf 89' lang='lat' dir='ltr'>ministratio</span> <span class='ocrx_word' id='word_1_647' title='bbox 528 4606 631 4663; x_wconf 87' lang='lat' dir='ltr'>mortis</span> <span class='ocrx_word' id='word_1_648' title='bbox 642 4609 720 4661; x_wconf 87' lang='lat' dir='ltr'>reete</span> <span class='ocrx_word' id='word_1_649' title='bbox 731 4603 809 4658; x_wconf 88' lang='lat' dir='ltr'>diota</span> <span class='ocrx_word' id='word_1_650' title='bbox 820 4602 869 4673; x_wconf 89' lang='lat' dir='ltr'>sit,</span> <span class='ocrx_word' id='word_1_651' title='bbox 885 4604 964 4659; x_wconf 88' lang='lat' dir='ltr'>etta·</span> <span class='ocrx_word' id='word_1_652' title='bbox 1018 4607 1110 4656; x_wconf 82' lang='lat' dir='ltr'>eatam</span> <span class='ocrx_word' id='word_1_653' title='bbox 1127 4614 1178 4673; x_wconf 90' lang='lat' dir='ltr'>per</span> <span class='ocrx_word' id='word_1_654' title='bbox 1195 4598 1357 4655; x_wconf 72' lang='lat' dir='ltr'>medatem</span> <span class='ocrx_word' id='word_1_655' title='bbox 1383 4601 1528 4671; x_wconf 81' lang='lat' dir='ltr'>operatum</span> <span class='ocrx_word' id='word_1_656' title='bbox 1554 4606 1594 4654; x_wconf 86' lang='lat' dir='ltr'>est</span> <span class='ocrx_word' id='word_1_657' title='bbox 1617 4599 1648 4654; x_wconf 85' lang='lat' dir='ltr'>iu</span> <span class='ocrx_word' id='word_1_658' title='bbox 1671 4614 1715 4655; x_wconf 89' lang='lat' dir='ltr'>me</span> <span class='ocrx_word' id='word_1_659' title='bbox 1735 4614 1845 4656; x_wconf 84' lang='lat' dir='ltr'>omnem</span> 
     </span>
     <span class='ocr_line' id='line_1_49' title="bbox 155 4686 1843 4768; baseline -0.002 -21"><span class='ocrx_word' id='word_1_660' title='bbox 155 4698 317 4752; x_wconf 88' lang='lat' dir='ltr'>mensaneta</span> <span class='ocrx_word' id='word_1_661' title='bbox 326 4698 353 4752; x_wconf 87' lang='lat' dir='ltr'>st</span> <span class='ocrx_word' id='word_1_662' title='bbox 360 4695 444 4768; x_wconf 80' lang='lat' dir='ltr'>J&#39;usta</span> <span class='ocrx_word' id='word_1_663' title='bbox 454 4699 484 4751; x_wconf 88' lang='lat' dir='ltr'>et</span> <span class='ocrx_word' id='word_1_664' title='bbox 493 4692 701 4763; x_wconf 88' lang='lat' dir='ltr'>bonasit,illud</span> <span class='ocrx_word' id='word_1_665' title='bbox 713 4690 877 4748; x_wconf 87' lang='lat' dir='ltr'>recolamus</span> <span class='ocrx_word' id='word_1_666' title='bbox 886 4691 964 4764; x_wconf 89' lang='lat' dir='ltr'>quod</span> <span class='ocrx_word' id='word_1_667' title='bbox 1018 4689 1277 4762; x_wconf 82' lang='lat' dir='ltr'>concupiscentiam.</span> <span class='ocrx_word' id='word_1_668' title='bbox 1286 4687 1340 4745; x_wconf 89' lang='lat' dir='ltr'>Per</span> <span class='ocrx_word' id='word_1_669' title='bbox 1349 4687 1426 4760; x_wconf 90' lang='lat' dir='ltr'>quod</span> <span class='ocrx_word' id='word_1_670' title='bbox 1438 4688 1621 4757; x_wconf 88' lang='lat' dir='ltr'>mandatum,</span> <span class='ocrx_word' id='word_1_671' title='bbox 1633 4686 1690 4744; x_wconf 89' lang='lat' dir='ltr'>nisi</span> <span class='ocrx_word' id='word_1_672' title='bbox 1705 4689 1784 4760; x_wconf 90' lang='lat' dir='ltr'>quod</span> <span class='ocrx_word' id='word_1_673' title='bbox 1792 4687 1843 4761; x_wconf 87' lang='lat' dir='ltr'>ait,</span> 
     </span>
     <span class='ocr_line' id='line_1_50' title="bbox 152 4775 1844 4857; baseline -0.002 -20"><span class='ocrx_word' id='word_1_674' title='bbox 152 4779 308 4856; x_wconf 82' lang='lat' dir='ltr'>inllpistola</span> <span class='ocrx_word' id='word_1_675' title='bbox 316 4785 446 4857; x_wconf 90' lang='lat' dir='ltr'>positum</span> <span class='ocrx_word' id='word_1_676' title='bbox 461 4789 507 4840; x_wconf 89' lang='lat' dir='ltr'>ast</span> <span class='ocrx_word' id='word_1_677' title='bbox 521 4784 557 4841; x_wconf 93' lang='lat' dir='ltr'>ad</span> <span class='ocrx_word' id='word_1_678' title='bbox 573 4784 729 4840; x_wconf 84' lang='lat' dir='ltr'>Romanos.</span> <span class='ocrx_word' id='word_1_679' title='bbox 742 4783 815 4839; x_wconf 86' lang='lat' dir='ltr'>Cum</span> <span class='ocrx_word' id='word_1_680' title='bbox 831 4779 909 4836; x_wconf 88' lang='lat' dir='ltr'>enim</span> <span class='ocrx_word' id='word_1_681' title='bbox 921 4779 965 4835; x_wconf 89' lang='lat' dir='ltr'>di·</span> <span class='ocrx_word' id='word_1_682' title='bbox 1020 4777 1272 4850; x_wconf 84' lang='lat' dir='ltr'>Comupiscentiam</span> <span class='ocrx_word' id='word_1_683' title='bbox 1303 4776 1467 4845; x_wconf 78' lang='lat' dir='ltr'>ambiebam,</span> <span class='ocrx_word' id='word_1_684' title='bbox 1492 4775 1550 4832; x_wconf 85' lang='lat' dir='ltr'>nisi</span> <span class='ocrx_word' id='word_1_685' title='bbox 1574 4777 1631 4833; x_wconf 80' lang='lat' dir='ltr'>bea</span> <span class='ocrx_word' id='word_1_686' title='bbox 1653 4775 1764 4845; x_wconf 79' lang='lat' dir='ltr'>diremi,</span> <span class='ocrx_word' id='word_1_687' title='bbox 1784 4778 1844 4834; x_wconf 85' lang='lat' dir='ltr'>Noa</span> 
     </span>
     <span class='ocr_line' id='line_1_51' title="bbox 149 4863 1844 4944; baseline -0.004 -17"><span class='ocrx_word' id='word_1_688' title='bbox 149 4868 246 4930; x_wconf 76' lang='lat' dir='ltr'>dsset:</span> <span class='ocrx_word' id='word_1_689' title='bbox 257 4875 302 4930; x_wconf 85' lang='lat' dir='ltr'>tta</span> <span class='ocrx_word' id='word_1_690' title='bbox 315 4875 507 4930; x_wconf 86' lang='lat' dir='ltr'>utseraiumus</span> <span class='ocrx_word' id='word_1_691' title='bbox 522 4874 683 4930; x_wconf 84' lang='lat' dir='ltr'>ianooitate</span> <span class='ocrx_word' id='word_1_692' title='bbox 693 4872 819 4944; x_wconf 87' lang='lat' dir='ltr'>spiritus,</span> <span class='ocrx_word' id='word_1_693' title='bbox 830 4872 918 4926; x_wconf 86' lang='lat' dir='ltr'>etnon</span> <span class='ocrx_word' id='word_1_694' title='bbox 935 4869 965 4925; x_wconf 86' lang='lat' dir='ltr'>ia</span> <span class='ocrx_word' id='word_1_695' title='bbox 1018 4864 1489 4939; x_wconf 81' lang='lat' dir='ltr'>eoncupiscestNumquidmalum</span> <span class='ocrx_word' id='word_1_696' title='bbox 1499 4869 1610 4922; x_wconf 86' lang='lat' dir='ltr'>estnon</span> <span class='ocrx_word' id='word_1_697' title='bbox 1621 4863 1844 4938; x_wconf 81' lang='lat' dir='ltr'>oonoupisoeret</span> 
     </span>
     <span class='ocr_line' id='line_1_52' title="bbox 148 4952 1844 5034; baseline -0.005 -15"><span class='ocrx_word' id='word_1_698' title='bbox 148 4963 454 5034; x_wconf 58' lang='lat' dir='ltr'>immutabilemque</span> <span class='ocrx_word' id='word_1_699' title='bbox 463 4958 864 5020; x_wconf 87' lang='lat' dir='ltr'>sententiasimillimaestilli</span> <span class='ocrx_word' id='word_1_700' title='bbox 875 4974 965 5032; x_wconf 89' lang='lat' dir='ltr'>quam</span> <span class='ocrx_word' id='word_1_701' title='bbox 1019 4957 1081 5014; x_wconf 92' lang='lat' dir='ltr'>lmo</span> <span class='ocrx_word' id='word_1_702' title='bbox 1096 4955 1365 5014; x_wconf 86' lang='lat' dir='ltr'>maximebonum¹.</span> <span class='ocrx_word' id='word_1_703' title='bbox 1380 4955 1460 5011; x_wconf 90' lang='lat' dir='ltr'>Bona</span> <span class='ocrx_word' id='word_1_704' title='bbox 1474 4957 1519 5011; x_wconf 87' lang='lat' dir='ltr'>est</span> <span class='ocrx_word' id='word_1_705' title='bbox 1541 4971 1609 5028; x_wconf 83' lang='lat' dir='ltr'>ergo</span> <span class='ocrx_word' id='word_1_706' title='bbox 1625 4955 1683 5011; x_wconf 82' lang='lat' dir='ltr'>Lex</span> <span class='ocrx_word' id='word_1_707' title='bbox 1701 4970 1765 5026; x_wconf 80' lang='lat' dir='ltr'>qua</span> <span class='ocrx_word' id='word_1_708' title='bbox 1788 4952 1844 5011; x_wconf 91' lang='lat' dir='ltr'>hoo</span> 
     </span>
     <span class='ocr_line' id='line_1_53' title="bbox 147 5042 1845 5126; baseline -0.004 -19"><span class='ocrx_word' id='word_1_709' title='bbox 147 5049 265 5108; x_wconf 82' lang='lat' dir='ltr'>istermn</span> <span class='ocrx_word' id='word_1_710' title='bbox 280 5051 450 5126; x_wconf 82' lang='lat' dir='ltr'>intelligens</span> <span class='ocrx_word' id='word_1_711' title='bbox 466 5051 565 5124; x_wconf 92' lang='lat' dir='ltr'>posuit</span> <span class='ocrx_word' id='word_1_712' title='bbox 576 5067 584 5107; x_wconf 73' lang='grc' dir='ltr'>ε</span> <span class='ocrx_word' id='word_1_713' title='bbox 596 5051 736 5108; x_wconf 91' lang='lat' dir='ltr'>continuo</span> <span class='ocrx_word' id='word_1_714' title='bbox 752 5048 901 5121; x_wconf 85' lang='lat' dir='ltr'>prospexit</span> <span class='ocrx_word' id='word_1_715' title='bbox 926 5046 965 5104; x_wconf 87' lang='lat' dir='ltr'>is·</span> <span class='ocrx_word' id='word_1_716' title='bbox 1021 5048 1091 5105; x_wconf 87' lang='lat' dir='ltr'>dicit</span> <span class='ocrx_word' id='word_1_717' title='bbox 1104 5067 1111 5106; x_wconf 91' lang='lat'>:</span> <span class='ocrx_word' id='word_1_718' title='bbox 1126 5049 1178 5105; x_wconf 90' lang='lat' dir='ltr'>sed</span> <span class='ocrx_word' id='word_1_719' title='bbox 1193 5047 1242 5104; x_wconf 88' lang='lat' dir='ltr'>ubi</span> <span class='ocrx_word' id='word_1_720' title='bbox 1271 5063 1330 5104; x_wconf 88' lang='lat' dir='ltr'>non</span> <span class='ocrx_word' id='word_1_721' title='bbox 1352 5048 1436 5103; x_wconf 89' lang='lat' dir='ltr'>adest</span> <span class='ocrx_word' id='word_1_722' title='bbox 1458 5044 1609 5103; x_wconf 83' lang='lat' dir='ltr'>vivilloans</span> <span class='ocrx_word' id='word_1_723' title='bbox 1630 5043 1764 5117; x_wconf 88' lang='lat' dir='ltr'>spiritus,</span> <span class='ocrx_word' id='word_1_724' title='bbox 1785 5042 1845 5101; x_wconf 76' lang='lat' dir='ltr'>hmo</span> 
     </span>
     <span class='ocr_line' id='line_1_54' title="bbox 144 5131 1845 5214; baseline -0.005 -16"><span class='ocrx_word' id='word_1_725' title='bbox 144 5143 187 5198; x_wconf 92' lang='lat' dir='ltr'>tos</span> <span class='ocrx_word' id='word_1_726' title='bbox 202 5141 318 5199; x_wconf 83' lang='lat' dir='ltr'>tuturos</span> <span class='ocrx_word' id='word_1_727' title='bbox 327 5143 465 5198; x_wconf 87' lang='lat' dir='ltr'>verbosos</span> <span class='ocrx_word' id='word_1_728' title='bbox 477 5146 564 5214; x_wconf 89' lang='lat' dir='ltr'>atque</span> <span class='ocrx_word' id='word_1_729' title='bbox 575 5138 771 5212; x_wconf 87' lang='lat' dir='ltr'>blasphemos,</span> <span class='ocrx_word' id='word_1_730' title='bbox 779 5135 966 5211; x_wconf 85' lang='lat' dir='ltr'>quiputaturl</span> <span class='ocrx_word' id='word_1_731' title='bbox 1020 5136 1086 5212; x_wconf 92' lang='lat' dir='ltr'>lpsa</span> <span class='ocrx_word' id='word_1_732' title='bbox 1101 5138 1159 5195; x_wconf 84' lang='lat' dir='ltr'>Lex</span> <span class='ocrx_word' id='word_1_733' title='bbox 1180 5138 1364 5211; x_wconf 81' lang='lat' dir='ltr'>quabonum</span> <span class='ocrx_word' id='word_1_734' title='bbox 1388 5135 1486 5204; x_wconf 88' lang='lat' dir='ltr'>dioit¹,</span> <span class='ocrx_word' id='word_1_735' title='bbox 1508 5134 1631 5191; x_wconf 87' lang='lat' dir='ltr'>oceidit:</span> <span class='ocrx_word' id='word_1_736' title='bbox 1644 5132 1713 5205; x_wconf 89' lang='lat' dir='ltr'>quia</span> <span class='ocrx_word' id='word_1_737' title='bbox 1733 5131 1845 5207; x_wconf 86' lang='lat' dir='ltr'>pecoatl</span> 
     </span>
     <span class='ocr_line' id='line_1_55' title="bbox 144 5220 1845 5304; baseline -0.006 -17"><span class='ocrx_word' id='word_1_738' title='bbox 144 5233 285 5288; x_wconf 87' lang='lat' dir='ltr'>essentex</span> <span class='ocrx_word' id='word_1_739' title='bbox 299 5229 355 5288; x_wconf 89' lang='lat' dir='ltr'>hoo</span> <span class='ocrx_word' id='word_1_740' title='bbox 371 5230 476 5304; x_wconf 78' lang='lat' dir='ltr'>Legem</span> <span class='ocrx_word' id='word_1_741' title='bbox 495 5230 585 5286; x_wconf 88' lang='lat' dir='ltr'>tuisse</span> <span class='ocrx_word' id='word_1_742' title='bbox 602 5228 825 5302; x_wconf 66' lang='lat' dir='ltr'>reprehensam</span> <span class='ocrx_word' id='word_1_743' title='bbox 843 5240 967 5298; x_wconf 87' lang='lat' dir='ltr'>moxque</span> <span class='ocrx_word' id='word_1_744' title='bbox 1020 5228 1178 5299; x_wconf 75' lang='lat' dir='ltr'>virtutem,</span> <span class='ocrx_word' id='word_1_745' title='bbox 1195 5244 1262 5283; x_wconf 90' lang='lat' dir='ltr'>eum</span> <span class='ocrx_word' id='word_1_746' title='bbox 1279 5243 1330 5299; x_wconf 89' lang='lat' dir='ltr'>per</span> <span class='ocrx_word' id='word_1_747' title='bbox 1343 5225 1424 5282; x_wconf 89' lang='lat' dir='ltr'>illam</span> <span class='ocrx_word' id='word_1_748' title='bbox 1435 5228 1697 5298; x_wconf 88' lang='lat' dir='ltr'>operaturomnsm</span> <span class='ocrx_word' id='word_1_749' title='bbox 1709 5220 1845 5295; x_wconf 83' lang='lat' dir='ltr'>concupi·</span> 
     </span>
     <span class='ocr_line' id='line_1_56' title="bbox 143 5311 1845 5393; baseline -0.005 -16"><span class='ocrx_word' id='word_1_750' title='bbox 143 5319 316 5392; x_wconf 86' lang='lat' dir='ltr'>subjunxit:</span> <span class='ocrx_word' id='word_1_751' title='bbox 333 5320 405 5390; x_wconf 81' lang='lat' dir='ltr'>Quid</span> <span class='ocrx_word' id='word_1_752' title='bbox 428 5335 491 5393; x_wconf 78' lang='lat' dir='ltr'>erqo</span> <span class='ocrx_word' id='word_1_753' title='bbox 514 5318 650 5376; x_wconf 83' lang='lat' dir='ltr'>dicemus¹</span> <span class='ocrx_word' id='word_1_754' title='bbox 674 5319 731 5374; x_wconf 82' lang='lat' dir='ltr'>Lea</span> <span class='ocrx_word' id='word_1_755' title='bbox 750 5317 968 5390; x_wconf 80' lang='lat' dir='ltr'>peccatumesti</span> <span class='ocrx_word' id='word_1_756' title='bbox 1020 5319 1174 5389; x_wconf 79' lang='lat' dir='ltr'>suentium,</span> <span class='ocrx_word' id='word_1_757' title='bbox 1200 5315 1411 5373; x_wconf 87' lang='lat' dir='ltr'>inflammando</span> <span class='ocrx_word' id='word_1_758' title='bbox 1437 5312 1631 5387; x_wconf 89' lang='lat' dir='ltr'>prohibitione</span> <span class='ocrx_word' id='word_1_759' title='bbox 1640 5311 1662 5381; x_wconf 83' lang='lat'>⁸;</span> <span class='ocrx_word' id='word_1_760' title='bbox 1687 5314 1764 5384; x_wconf 92' lang='lat' dir='ltr'>quod</span> <span class='ocrx_word' id='word_1_761' title='bbox 1785 5327 1845 5369; x_wconf 85' lang='lat' dir='ltr'>non</span> 
     </span>
     <span class='ocr_line' id='line_1_57' title="bbox 141 5399 1845 5484; baseline -0.005 -17"><span class='ocrx_word' id='word_1_762' title='bbox 141 5408 215 5467; x_wconf 80' lang='lat' dir='ltr'>tua</span> <span class='ocrx_word' id='word_1_763' title='bbox 224 5427 234 5466; x_wconf 90' lang='lat'><em>:</em></span> <span class='ocrx_word' id='word_1_764' title='bbox 243 5409 291 5467; x_wconf 85' lang='lat' dir='ltr'>sed</span> <span class='ocrx_word' id='word_1_765' title='bbox 301 5418 445 5484; x_wconf 76' lang='lat' dir='ltr'>pecmtum</span> <span class='ocrx_word' id='word_1_766' title='bbox 458 5424 513 5466; x_wconf 84' lang='lat' dir='ltr'>nort</span> <span class='ocrx_word' id='word_1_767' title='bbox 527 5410 641 5481; x_wconf 76' lang='lat' dir='ltr'>capuaci</span> <span class='ocrx_word' id='word_1_768' title='bbox 650 5408 706 5465; x_wconf 86' lang='lat' dir='ltr'>nisi</span> <span class='ocrx_word' id='word_1_769' title='bbox 719 5423 769 5480; x_wconf 86' lang='lat' dir='ltr'>per</span> <span class='ocrx_word' id='word_1_770' title='bbox 778 5407 884 5478; x_wconf 78' lang='lat' dir='ltr'>beqem.</span> <span class='ocrx_word' id='word_1_771' title='bbox 896 5408 968 5464; x_wconf 81' lang='lat' dir='ltr'>tiam</span> <span class='ocrx_word' id='word_1_772' title='bbox 1020 5405 1203 5480; x_wconf 81' lang='lat' dir='ltr'>extinguitur</span> <span class='ocrx_word' id='word_1_773' title='bbox 1215 5421 1266 5479; x_wconf 92' lang='lat' dir='ltr'>per</span> <span class='ocrx_word' id='word_1_774' title='bbox 1277 5404 1430 5477; x_wconf 87' lang='lat' dir='ltr'>jubentem</span> <span class='ocrx_word' id='word_1_775' title='bbox 1439 5401 1565 5457; x_wconf 89' lang='lat' dir='ltr'>litteram</span> <span class='ocrx_word' id='word_1_776' title='bbox 1575 5399 1680 5458; x_wconf 87' lang='lat' dir='ltr'>timore</span> <span class='ocrx_word' id='word_1_777' title='bbox 1689 5400 1845 5473; x_wconf 81' lang='lat' dir='ltr'>pmna,sod</span> 
     </span>
     <span class='ocr_line' id='line_1_58' title="bbox 291 5488 1845 5569; baseline -0.006 -12"><span class='ocrx_word' id='word_1_778' title='bbox 291 5534 310 5557; x_wconf 87' lang='lat'>-.</span> <span class='ocrx_word' id='word_1_779' title='bbox 1023 5498 1235 5569; x_wconf 81' lang='lat' dir='ltr'>perjurantem</span> <span class='ocrx_word' id='word_1_780' title='bbox 1250 5493 1389 5567; x_wconf 90' lang='lat' dir='ltr'>spiritum</span> <span class='ocrx_word' id='word_1_781' title='bbox 1404 5488 1700 5562; x_wconf 77' lang='lat' dir='ltr'>dilectionejustitia.</span> <span class='ocrx_word' id='word_1_782' title='bbox 1712 5490 1779 5547; x_wconf 92' lang='lat' dir='ltr'>ldeo</span> <span class='ocrx_word' id='word_1_783' title='bbox 1793 5488 1845 5561; x_wconf 88' lang='lat' dir='ltr'>ait,</span> 
     </span>
     <span class='ocr_line' id='line_1_59' title="bbox 171 5548 1847 5657; baseline -0.01 -5"><span class='ocrx_word' id='word_1_784' title='bbox 171 5579 180 5615; x_wconf 88' lang='lat'><strong>¹</strong></span> <span class='ocrx_word' id='word_1_785' title='bbox 197 5548 395 5651; x_wconf 43' lang='lat' dir='ltr'>milam·</span> <span class='ocrx_word' id='word_1_786' title='bbox 410 5577 505 5640; x_wconf 54' lang='lat' dir='ltr'>imm</span> <span class='ocrx_word' id='word_1_787' title='bbox 518 5576 556 5627; x_wconf 65' lang='lat' dir='ltr'>“d</span> <span class='ocrx_word' id='word_1_788' title='bbox 563 5575 657 5639; x_wconf 64' lang='lat' dir='ltr'>ladem</span> <span class='ocrx_word' id='word_1_789' title='bbox 666 5574 762 5639; x_wconf 61' lang='lat' dir='ltr'>ilum</span> <span class='ocrx_word' id='word_1_790' title='bbox 771 5585 968 5639; x_wconf 67' lang='lat' dir='ltr'>mecumme-</span> <span class='ocrx_word' id='word_1_791' title='bbox 1023 5588 1166 5644; x_wconf 82' lang='lat' dir='ltr'>Peccatum</span> <span class='ocrx_word' id='word_1_792' title='bbox 1175 5594 1206 5640; x_wconf 92' lang='lat' dir='ltr'>ut</span> <span class='ocrx_word' id='word_1_793' title='bbox 1216 5591 1347 5657; x_wconf 85' lang='lat' dir='ltr'>appareat</span> <span class='ocrx_word' id='word_1_794' title='bbox 1357 5582 1509 5655; x_wconf 86' lang='lat' dir='ltr'>peccatum,</span> <span class='ocrx_word' id='word_1_795' title='bbox 1522 5595 1573 5653; x_wconf 89' lang='lat' dir='ltr'>per</span> <span class='ocrx_word' id='word_1_796' title='bbox 1585 5579 1686 5637; x_wconf 85' lang='lat' dir='ltr'>bouum</span> <span class='ocrx_word' id='word_1_797' title='bbox 1698 5578 1770 5636; x_wconf 82' lang='lat' dir='ltr'>miti</span> <span class='ocrx_word' id='word_1_798' title='bbox 1783 5593 1847 5653; x_wconf 81' lang='lat' dir='ltr'>ape·</span> 
     </span>
    </p>
   </div>
   <div class='ocr_carea' id='block_1_3' title="bbox 98 5640 1792 5871">
    <p class='ocr_par' dir='ltr' id='par_1_3' title="bbox 98 5640 1792 5871">
     <span class='ocr_line' id='line_1_60' title="bbox 144 5640 1772 5767; baseline -0.015 -11"><span class='ocrx_word' id='word_1_799' title='bbox 144 5640 521 5765; x_wconf 41' lang='lat' dir='ltr'>wnffffliavsetm</span> <span class='ocrx_word' id='word_1_800' title='bbox 1053 5691 1282 5767; x_wconf 69' lang='lat' dir='ltr'>¹blelioresbtss„</span> <span class='ocrx_word' id='word_1_801' title='bbox 1297 5685 1545 5739; x_wconf 82' lang='lat' dir='ltr'>mactmunbanum.</span> <span class='ocrx_word' id='word_1_802' title='bbox 1742 5747 1772 5760; x_wconf 89' lang='lat'>..</span> 
     </span>
     <span class='ocr_line' id='line_1_61' title="bbox 98 5745 1792 5871; baseline -0.013 -50"><span class='ocrx_word' id='word_1_803' title='bbox 98 5794 106 5871; x_wconf 50' lang='grc' dir='ltr'>ἱ</span> <span class='ocrx_word' id='word_1_804' title='bbox 172 5765 230 5819; x_wconf 83' lang='lat' dir='ltr'>⁸1n</span> <span class='ocrx_word' id='word_1_805' title='bbox 243 5768 317 5828; x_wconf 71' lang='lat' dir='ltr'>Usa,</span> <span class='ocrx_word' id='word_1_806' title='bbox 331 5765 450 5817; x_wconf 81' lang='lat' dir='ltr'>dicimus.</span> <span class='ocrx_word' id='word_1_807' title='bbox 1054 5757 1121 5807; x_wconf 73' lang='lat' dir='ltr'>¹sio</span> <span class='ocrx_word' id='word_1_808' title='bbox 1136 5756 1194 5807; x_wconf 77' lang='lat' dir='ltr'>tm.</span> <span class='ocrx_word' id='word_1_809' title='bbox 1209 5753 1270 5803; x_wconf 83' lang='lat' dir='ltr'>bles.</span> <span class='ocrx_word' id='word_1_810' title='bbox 1285 5751 1319 5802; x_wconf 78' lang='lat' dir='ltr'>At</span> <span class='ocrx_word' id='word_1_811' title='bbox 1333 5751 1376 5801; x_wconf 74' lang='lat' dir='ltr'>Er.</span> <span class='ocrx_word' id='word_1_812' title='bbox 1390 5753 1417 5801; x_wconf 88' lang='lat' dir='ltr'>et</span> <span class='ocrx_word' id='word_1_813' title='bbox 1434 5750 1508 5810; x_wconf 73' lang='lat' dir='ltr'>bor..</span> <span class='ocrx_word' id='word_1_814' title='bbox 1520 5761 1598 5815; x_wconf 82' lang='lat' dir='ltr'>quam</span> <span class='ocrx_word' id='word_1_815' title='bbox 1608 5746 1705 5800; x_wconf 62' lang='lat' dir='ltr'>Mam</span> <span class='ocrx_word' id='word_1_816' title='bbox 1719 5745 1792 5799; x_wconf 79' lang='lat' dir='ltr'>duct.</span> 
     </span>
    </p>
   </div>
   <div class='ocr_carea' id='block_1_4' title="bbox 173 5810 1849 5898">
    <p class='ocr_par' dir='ltr' id='par_1_4' title="bbox 173 5810 1849 5898">
     <span class='ocr_line' id='line_1_62' title="bbox 173 5810 1849 5898; baseline -0.008 -17"><span class='ocrx_word' id='word_1_817' title='bbox 173 5828 381 5898; x_wconf 58' lang='lat' dir='ltr'>(nammis</span> <span class='ocrx_word' id='word_1_818' title='bbox 394 5823 506 5883; x_wconf 71' lang='lat' dir='ltr'>tutelam</span> <span class='ocrx_word' id='word_1_819' title='bbox 1054 5810 1849 5882; x_wconf 56' lang='lat' dir='ltr'>⁸Editi,inflammandaprobititionarn.0tsttqaaturexitu</span> 
     </span>
    </p>
   </div>
   <div class='ocr_carea' id='block_1_5' title="bbox 0 0 1958 6128">
    <p class='ocr_par' dir='ltr' id='par_1_5' title="bbox 0 0 1958 6128">
     <span class='ocr_line' id='line_1_63' title="bbox 0 0 1958 6128; baseline 0 2"><span class='ocrx_word' id='word_1_820' title='bbox 0 0 1958 6128; x_wconf 95' lang='lat' dir='ltr'> </span> 
     </span>
    </p>
   </div>
  </div>
 </body>
</html>
