3908 6128
118 245 177 307 807
358 239 516 303 CONTRA
537 234 771 300 Maximinum
792 231 1028 299 nolanorum
1051 236 1289 315 SPISCOPUM,
1313 243 1346 304 S.
1368 240 1583 306 AUGUSTINI
1766 240 1827 307 8⁰8
1855 244 1858 249 '

119 395 198 436 unus
207 376 350 433 Dominus
360 373 549 447 singulariter
559 372 697 445 loquitur.
707 373 744 428 tu
752 376 819 445 post
828 369 899 442 heo,
911 373 945 425 ut
995 372 1136 444 tanquam
1151 373 1181 430 in
1197 375 1349 449 prophetis
1359 392 1425 432 essa
1438 376 1660 448 cognoritlam
1675 390 1747 450 ergo
1762 392 1828 449 pro·

118 467 254 525 homines
270 463 421 538 pluraliter
433 462 514 517 abire
529 464 696 527 narrantur,
712 464 741 517 el
755 460 875 516 dieitur:
888 462 943 516 De·
995 461 1097 519 batum
1112 467 1167 531 est,
1183 465 1260 537 quod
1283 481 1330 521 me
1345 481 1398 538 per
1415 466 1600 538 Scripseram
1620 469 1756 522 sanatam
1771 466 1826 522 de·

117 551 857 629 serpentesuulemindooe'ri,conspexeruntinsaeiem
865 548 944 606 Sodo-
995 554 1826 627 monstraturumessepromiseram,eumdemDominum

117 660 228 703 morum
244 646 269 700 el
285 640 456 703 Gomorrluer
472 638 609 695 dirutam
624 655 685 695 uero
704 639 863 696 ambulabat
881 654 945 694 aum
995 640 1046 713 qui
1057 641 1153 698 dietus
1163 642 1259 700 suerat
1273 641 1381 699 abiisse
1395 647 1428 699 ut
1442 643 1568 699 cessavit
1582 642 1663 715 loqui
1677 643 1714 700 sd
1729 643 1827 699 Abra·

118 734 187 802 illis,
202 731 345 790 deducens.
358 730 471 786 Rursus
481 733 579 784 autem
589 729 664 784 redit
673 727 826 800 Scriptura
835 728 871 784 sd
882 728 943 784 sin·
995 728 1074 801 ham,
1086 731 1116 786 in
1130 729 1190 788 iliis
1198 730 1314 789 duobus
1323 730 1434 805 angelis
1445 732 1633 789 descendisse
1639 732 1669 787 iu
1682 732 1825 801 Sodoma,

117 822 250 896 putorem
263 835 429 887 nnmerum,
444 834 478 873 aa
493 817 582 874 dieii:
599 818 730 873 Dominus
744 819 835 873 aulem
848 817 923 872 alato
933 833 945 872 .·

117 910 256 984 Numquid
265 905 787 979 eelaooeoopueromeodlrulsamquae
796 907 945 976 epafram!

117 993 946 1071 Deindapromittituribrahaepreclaraetoopiosaposte·

117 1089 201 1159 ritas,
210 1091 240 1144 et
249 1087 444 1143 Sodomorum
455 1083 646 1140 denuntiatur
656 1083 802 1140 interitus.
811 1083 944 1156 Sequens

118 1181 216 1235 autem
226 1173 472 1247 Scripturadioit:
488 1173 655 1229 Eteonoerss'
664 1172 801 1238 indeoiri,
811 1174 945 1228 uenerunt

118 1269 150 1324 in
164 1266 295 1328 Sodoma:
304 1263 448 1321 Abraham
458 1265 551 1319 autem
561 1261 724 1319 erotadlsuc
733 1264 809 1318 stane
818 1269 882 1317 ante
892 1262 944 1317 Do·

1 1373 2 1378 ¹
118 1348 945 1425 minum.EtappropriansdiradamdieitrNesimatperdas

115 1446 225 1518 justum
238 1459 298 1500 aum
311 1442 397 1510 irnpio
407 1457 418 1503 ,·
427 1447 453 1497 el
467 1441 616 1512 eriljustus
626 1447 762 1511 manuam
775 1440 898 1509 impias?
910 1438 946 1494 et

1 1553 2 1570 ι
19 1504 22 1511 ¹
119 1531 418 1607 posteolioeutionem
433 1527 549 1585 Domini
564 1532 651 1600 atque
665 1527 797 1596 Abrahe,
814 1527 945 1599 sequitur

119 1617 946 1696 Scriptura,etdicit:dliitautemDomr'nus‚utdesittloqus'

119 1711 155 1768 ad
164 1710 311 1776 Atratum,
321 1716 348 1766 et
356 1707 499 1764 Atratum
509 1722 645 1778 repressus
660 1711 699 1762 esl
710 1707 740 1762 r'n
752 1705 843 1762 locum
852 1720 943 1761 suum.

121 1802 258 1860 Venerunt
267 1802 359 1855 numm
370 1797 422 1852 duo
432 1797 529 1867 onpels'
538 1797 568 1851 in
578 1795 694 1852 Sodoma
704 1795 739 1851 ad
749 1811 897 1867 vesperum.
908 1794 943 1851 lli

118 1894 189 1947 sunt
198 1889 234 1945 de
244 1887 352 1961 quibus
363 1884 449 1958 paulo
457 1890 525 1941 ante
534 1885 659 1941 dixerat:
675 1886 807 1941 Converti
818 1883 946 1940 indeoirs'

118 1986 252 2036 uenerunt
265 1979 294 2032 in
304 1974 427 2032 Sodoma.
444 1973 500 2030 Sed
512 1973 586 2030 duos
601 1989 734 2030 essenon
750 1977 943 2045 expresserat,

118 2085 187 2125 eum
198 2066 235 2123 ab
245 2065 327 2121 initio
338 2063 485 2120 tresviros
496 2062 618 2119 dixisset
628 2062 800 2135 apparuisse
809 2061 943 2133 Abrahae,

117 2161 147 2214 et
155 2154 339 2228 hospitaliter
348 2153 384 2208 ab
399 2151 450 2209 iilo
461 2167 526 2208 esse
536 2155 700 2223 susceptos,
711 2167 786 2224 quos
797 2156 827 2207 el
836 2151 944 2207 abeun-

117 2250 163 2303 tes
177 2244 309 2311 deduxit,
324 2240 480 2299 ambulans
496 2256 563 2296 eum
578 2239 631 2295 eis.

152 2335 181 2391 6.
198 2332 340 2390 Fortassis
355 2331 493 2403 ergojsm
505 2328 695 2402 pronuntiare
706 2327 839 2396 festinas,
850 2343 943 2383 unum

117 2415 945 2490 tuisseineisDominumChristum,quisingulariterpro·

117 2510 291 2569 mittebatsl
299 2505 635 2581 respondebalribrahse3
646 2507 796 2563 duosvero
805 2504 882 2573 iilos,
891 2522 943 2561 an·

117 2601 199 2675 gelos
214 2601 289 2672 ejus,
303 2597 354 2671 qui
368 2602 510 2654 venerunt
520 2595 550 2651 in
566 2596 693 2653 Sodoma
707 2601 848 2666 tanquam
860 2593 943 2652 missi

117 2690 242 2765 angelis
256 2687 451 2746 Dominosuo.
468 2686 524 2742 Sed
539 2689 687 2759 exspecta:
705 2685 774 2757 quid
790 2683 943 2757 properas?

116 2781 340 2838 consideremus
355 2777 455 2836 omnia
464 2776 632 2851 diligenter,
641 2792 674 2832 ae
684 2775 764 2849 prius
775 2775 944 2832 intueamur

115 2870 204 2928 verba
210 2869 321 2926 Domini
334 2865 480 2940 loquentis
491 2865 623 2922 Abrahe:
636 2865 746 2922 Clamor
756 2863 942 2936 Sodomorum,

18 2982 21 2987 ·
116 2953 944 3032 inquit,etGomorrlraemuttrplicalusest,elpeecutaeorum

118 3064 220 3120 mapno
233 3048 320 3103 ualde.
332 3044 498 3103 Descendens
506 3059 573 3114 erpo
582 3042 686 3110 uidebo,
695 3044 876 3100 sismundum
885 3042 943 3099 ela-

118 3152 223 3195 morem
238 3138 361 3208 ipsorum
371 3136 527 3190 seuientem
536 3132 836 3188 admeoonsammant.
847 3131 900 3187 Hie
911 3147 943 3188 se

116 3226 216 3301 ipsum
226 3226 437 3282 deseensurum
447 3222 521 3278 dixit
531 3219 704 3285 inSodoma,
713 3224 943 3293 quolamsnnon

117 3315 181 3389 ipse
191 3313 352 3383 deseendit,
368 3311 418 3369 sed
430 3310 526 3385 angeli
542 3310 611 3367 duo.
622 3314 687 3382 lpse
702 3309 897 3382 quippeulis't,
912 3317 944 3365 ut

117 3403 196 3462 desiit
206 3405 283 3476 loom
292 3401 328 3459 ad
338 3402 492 3464 Atratum
506 3399 642 3456 Abraham
653 3407 748 3455 autem
758 3404 946 3470 repressores!

116 3495 148 3551 in
158 3493 247 3551 Deam
256 3509 347 3548 saum.
361 3492 497 3548 Venerunt
506 3493 610 3558 auten,
619 3487 814 3544 sioutdiatum
825 3491 879 3554 est¹
889 3487 942 3544 duo

116 3582 215 3653 annoti
223 3582 405 3654 advesperom
416 3581 445 3635 in
457 3578 581 3636 Sodoma.
593 3577 679 3643 Quid,
689 3574 714 3632 si
724 3581 753 3633 et
763 3575 792 3631 in
802 3574 860 3632 illis
871 3576 943 3633 duo·

115 3671 173 3729 bus
184 3671 297 3744 angelis
309 3686 385 3726 unus
395 3666 538 3725 Dominus
546 3666 675 3723 invenito
681 3683 703 3736 r,
714 3666 765 3739 qui
780 3666 943 3722 seeundum

115 3761 237 3818 verbum
253 3757 380 3816 suumin
393 3758 465 3830 ipsis
476 3755 588 3830 angelis
598 3754 750 3811 descendit
761 3754 790 3810 in
802 3753 943 3811 Sodoma?

115 3848 219 3907 Nonne
233 3848 421 3904 manifestum
430 3845 485 3903 erit
494 3846 525 3901 in
535 3844 630 3901 tribus
639 3843 699 3901 iilis
707 3843 776 3900 viris
786 3861 878 3900 uuum
888 3849 943 3900 Do·

115 3937 229 3995 minum
237 3937 332 3993 visum
342 3933 500 4001 inisse,ubi
511 3932 581 4005 quid
591 3932 668 3989 aliud
679 3949 766 4005 quam
779 3932 945 4004 ipsa'irini-

114 4028 161 4082 tas
176 4025 302 4099 figurata
315 4023 378 4080 esti
392 4023 448 4080 Sed
463 4022 611 4079 videamus
627 4028 726 4077 utrum
742 4020 827 4077 nobis
842 4025 944 4078 saneta

114 4112 266 4187 Scriptura
277 4114 467 4182 demonstret,
478 4110 567 4167 eliam
581 4109 611 4165 in
620 4108 679 4166 illis
694 4109 810 4166 duobus
820 4109 943 4183 angelis,

115 4205 150 4259 ut
163 4200 233 4270 dixi,
251 4218 342 4259 unum
358 4199 514 4257 Dominum
529 4198 693 4268 inventum,
706 4213 742 4254 ne
754 4198 826 4255 torte
839 4198 943 4256 haeeex

116 4295 216 4348 nostro
225 4291 311 4347 eorde
319 4289 482 4346 affirmasse
492 4287 652 4344 videamur.
664 4287 800 4344 Vmemut
810 4303 879 4360 ergo
889 4289 942 4346 dno

115 4377 212 4447 ampeli
224 4381 255 4435 in
268 4378 387 4435 Sodoma
401 4377 437 4433 ad
450 4375 681 4448 vespermien
698 4389 759 4431 uero
770 4377 892 4447 sedebat,
909 4380 943 4433 ut

115 4465 320 4540 sumptumst,
327 4469 412 4540 juxto
421 4472 532 4534 portam
543 4464 730 4521 Sodomorum.
746 4464 942 4523 l'tdensautem

114 4554 192 4623 toln,
204 4556 329 4611 surrexit
342 4558 372 4610 in
384 4556 492 4611 etaiam
502 4554 570 4620 illis,
581 4556 606 4610 et
616 4553 742 4610 adorauit
755 4555 785 4609 in
799 4553 902 4627 faeiem
910 4554 941 4611 in

115 4641 939 4716 terrumvidesnempehieajuetoviroangelosadoratos,

116 4731 941 4804 ellunonvisadorariSpirilumsanctumquemvosquo-

116 4838 174 4895 que
188 4822 325 4879 omnibus
336 4821 447 4895 angelis
460 4823 468 4858 ¹
479 4821 543 4876 sine
554 4819 746 4891 ambiguitate
756 4820 941 4893 proponitis?

115 4911 169 4968 Sed
185 4909 318 4967 dicturus
332 4927 375 4982 es,
390 4910 529 4966 Homines
544 4925 609 4966 esse
622 4907 771 4979 eredebal;
788 4926 856 4966 nom
872 4913 901 4967 et
910 4910 940 4967 iu

114 4998 276 5074 hospitium
286 5006 427 5073 tanquam
435 4996 719 5055 hominesinritavil.
727 4997 941 5072 Haemagisest

114 5093 218 5147 eontra
231 5095 271 5157 te,
288 5089 338 5163 qui
354 5088 428 5146 dicis
442 5104 500 5144 non
511 5086 626 5143 adorari
641 5086 782 5158 Spiritum
794 5092 940 5159 sonetum,

115 5179 254 5236 omnibus
267 5178 387 5251 Angelis
402 5174 629 5251 praeterendum
647 5191 715 5231 oum
730 5175 829 5233 videas
843 5181 872 5234 et
885 5178 940 5236 ho·

114 5262 941 5341 minesinferioresrtugelisaiustishominibuesdorari.

30 5378 35 5385 ·
114 5354 170 5412 Sed
195 5357 291 5414 adhue
310 5358 443 5414 dicturus
463 5371 504 5424 es,
531 5352 686 5410 Dominum
707 5354 852 5413 adoravit:
873 5373 940 5415 eum

114 5445 224 5517 quippe
237 5447 267 5503 iu
281 5446 397 5503 duobus
411 5443 482 5515 iliis,
498 5459 574 5517 quos
584 5441 781 5516 putabatesss
794 5442 939 5521 homiues,

147 5584 157 5624 ¹
170 5586 202 5638 ln
215 5587 333 5641 sdltiom
346 5589 410 5642 Lar.
425 5587 510 5648 deest,
524 5583 640 5651 tapetia

994 817 1073 874 sieut
1093 819 1217 885 dixerat,
1239 825 1269 875 et
1287 819 1317 875 in
1336 820 1379 877 ais
1394 820 1430 876 ab
1451 818 1569 877 homine
1584 820 1667 892 justo
1687 820 1827 894 agnitum

995 907 1095 964 luisse.
1105 908 1243 965 Exhibuit
1251 908 1349 981 itaqua
1357 907 1586 980 hospitalitatem
1596 908 1745 982 quomodo
1755 925 1827 966 san·

995 996 1050 1054 atis
1062 995 1232 1054 hominibus
1246 996 1309 1065 Dei,
1324 996 1354 1053 in
1370 997 1478 1070 quibus
1493 997 1585 1054 Deum
1597 1013 1663 1054 esee
1676 997 1827 1071 cognovit,

995 1102 1062 1142 oum
1079 1103 1139 1150 eos,
1155 1087 1233 1143 sieut
1253 1087 1340 1143 etiam
1356 1086 1421 1158 ipse
1441 1085 1600 1153 Abraham,
1616 1086 1740 1160 angelos
1758 1102 1829 1144 esse

995 1176 1130 1232 nesciret.
1139 1175 1174 1231 Hi
1185 1175 1263 1232 anim
1275 1174 1448 1231 Patriarrhe
1458 1181 1530 1232 sunt
1543 1175 1701 1248 significati
1715 1175 1745 1232 in
1756 1173 1829 1248 Epi·

995 1264 1070 1323 stola
1084 1265 1121 1322 ad
1132 1264 1279 1336 Hebraea,
1296 1263 1346 1320 ubi
1360 1264 1397 1321 de
1410 1264 1610 1337 hospitalitate
1624 1265 1750 1338 loquens
1764 1263 1827 1321 ait:

994 1357 1050 1411 Per
1074 1353 1145 1410 tone
1163 1352 1275 1427 quidam
1288 1354 1449 1422 nocentes,
1466 1353 1583 1426 hospitio
1597 1357 1761 1426 receperunt
1775 1369 1828 1411 ass·

994 1444 1068 1515 pelea
1080 1444 1170 1515 (distr.
1183 1459 1247 1511 xrrr,
1260 1443 1299 1515 2).
1312 1441 1445 1515 Deceptis
1459 1457 1528 1515 argo
1537 1442 1580 1499 eis
1591 1441 1674 1511 Loth,
1687 1441 1828 1500 anseisus

995 1534 1072 1607 qnod
1086 1531 1182 1605 angeli
1193 1536 1302 1602 esseut,
1311 1547 1489 1603 cognossens
1497 1535 1597 1588 tamen
1608 1531 1685 1588 siout
1695 1531 1762 1604 ipso
1774 1535 1828 1588 Do·

996 1622 1076 1681 mino
1091 1622 1313 1678 demonstrante
1328 1635 1505 1694 eognosoare
1523 1620 1628 1693 potuit,
1643 1619 1713 1693 quis
1732 1620 1767 1676 in
1783 1619 1828 1677 eis

994 1716 1083 1778 esset,
1095 1716 1128 1767 ut
1139 1727 1245 1783 eaque
1254 1712 1364 1767 interea
1374 1711 1450 1766 taeta
1458 1715 1528 1767 suut
1537 1714 1660 1778 laesam,
1671 1707 1827 1776 exiit,eum

995 1803 1038 1859 sis
1053 1802 1089 1857 da
1103 1800 1252 1856 Sodomis:
1275 1800 1353 1871 quod
1369 1803 1527 1871 antequam
1542 1797 1634 1865 fleret,
1650 1798 1728 1854 siout
1741 1797 1827 1855 Suri·

995 1894 1082 1963 ptura
1096 1888 1235 1962 loquitur,
1258 1888 1391 1944 dederant
1404 1888 1461 1944 oiri
1471 1888 1512 1944 ad
1522 1887 1610 1944 sort.-
1630 1893 1695 1943 sunt
1708 1885 1767 1943 atel
1781 1886 1828 1944 nte

994 1980 1100 2052 ammai,
1110 1986 1159 2034 aut
1173 1978 1238 2050 filii,
1254 1980 1304 2033 aut
1315 1976 1400 2047 fitam?
1412 1977 1496 2033 autss'
1509 1977 1573 2048 quis
1587 1975 1642 2032 ator·
1655 1976 1734 2032 atius
1742 1976 1827 2032 estin

994 2070 1115 2135 sinitote,
1136 2065 1203 2124 edua
1216 2065 1250 2121 de
1270 2066 1328 2122 loeo
1345 2065 1414 2122 loc:
1429 2065 1562 2138 quoniam
1581 2064 1751 2139 perdimus¹
1775 2080 1827 2122 nos

996 2159 1084 2215 meam
1093 2157 1181 2218 laune:
1191 2156 1257 2228 quia
1266 2156 1405 2212 exultatus
1419 2159 1459 2212 est
1468 2155 1573 2212 elamor
1586 2170 1682 2211 eorum
1694 2155 1826 2212 anteDo·

994 2250 1112 2317 minum,
1126 2255 1152 2303 et
1161 2246 1238 2302 mint
1248 2261 1298 2302 nos
1314 2247 1446 2302 Dominus
1457 2252 1594 2301 conterere
1606 2259 1679 2300 eum.
1690 2247 1763 2300 ileos
1773 2243 1827 2300 nbi

995 2340 1117 2410 apparet
1131 2334 1203 2391 illud
1213 2333 1381 2390 incendium
1390 2333 1581 2390 Sodomorum
1592 2348 1643 2405 per
1651 2329 1775 2405 angelos
1784 2331 1827 2390 fa·

996 2431 1087 2492 otum,
1101 2439 1175 2497 quos
1191 2420 1479 2490 mieitDominus;iu
1489 2420 1598 2494 quibus
1609 2424 1748 2477 tameuet
1761 2421 1828 2493 ipse

995 2518 1073 2572 erat:
1091 2529 1185 2585 neque
1200 2513 1278 2568 enirn
1289 2511 1332 2572 sio
1348 2510 1438 2566 mittit
1447 2526 1527 2577 suos,
1541 2515 1574 2567 ut
1583 2511 1699 2565 reeedat
1713 2510 1753 2566 ab
1769 2509 1825 2566 eis.

995 2605 1027 2660 ln
1041 2602 1084 2659 eis
1095 2618 1164 2674 ergo
1178 2600 1329 2658 deseendit
1343 2599 1373 2655 in
1382 2599 1518 2667 Sodoma,
1532 2598 1609 2671 quod
1625 2613 1657 2655 ss
1672 2597 1827 2656 fauturum

995 2708 1060 2749 esse
1076 2690 1257 2764 predixerat,
1267 2689 1385 2762 quando
1395 2704 1461 2743 eum
1472 2686 1616 2743 Abraham
1630 2686 1825 2759 loquebatur:

995 2781 1072 2855 quod
1084 2785 1275 2853 posteaquam
1285 2778 1362 2844 iecit,
1372 2777 1479 2833 abiisse
1489 2775 1552 2846 ipse
1561 2774 1658 2832 dietus
1666 2780 1721 2846 eal,
1731 2781 1764 2833 et
1772 2792 1826 2833 ιι·

994 2870 1051 2946 geli
1066 2867 1181 2926 venisse
1195 2869 1225 2923 in
1235 2867 1363 2924 Sodoma
1377 2866 1412 2922 ad
1428 2880 1589 2938 vesperam.
1606 2864 1717 2921 Deinde
1735 2863 1826 2937 paulo

995 2963 1070 3034 poet.
1088 2975 1154 3014 mox
1173 2961 1206 3013 ut
1219 2957 1383 3013 eduxerunt
1407 2953 1492 3011 iilum
1516 2954 1605 3020 ieras,
1628 2957 1658 3009 et
1672 2952 1827 3021 dixerunt,

994 3049 1072 3105 siout
1086 3047 1188 3103 eadem
1202 3044 1353 3117 Scriptura
1376 3047 1485 3114 narrat,
1500 3042 1615 3098 Salvam
1627 3042 1673 3112 [ne
1696 3043 1825 3099 animam

994 3141 1085 3201 tuam,·
1094 3135 1287 3208 nerespeaeris
1295 3139 1381 3200 retro,
1389 3133 1551 3189 neestetmis
1559 3133 1589 3187 irs
1598 3135 1653 3187 lota
1660 3132 1826 3203 ropioners’n

993 3235 1086 3283 monte
1099 3224 1205 3281 saluum
1219 3231 1245 3279 te
1259 3221 1465 3295 [adaequando
1476 3219 1718 3292 comprehendaris
1728 3235 1740 3275 .·
1751 3219 1825 3277 dixit

994 3315 1068 3372 Loth
1084 3316 1120 3370 ad
1136 3312 1211 3380 ilios,
1236 3310 1299 3377 Oro,
1313 3311 1438 3380 Domine,
1462 3312 1529 3383 quio
1543 3310 1652 3365 inuenit
1676 3324 1748 3381 puer
1762 3316 1824 3366 tuus

992 3396 1821 3471 miserirordmmuntetaeto.Qusoumttuissstioquendo,

994 3497 1023 3549 et
1030 3491 1167 3565 elegisset
1173 3489 1231 3546 sibi
1240 3488 1386 3546 oivilatem
1397 3485 1534 3560 pusillam
1543 3486 1572 3542 in
1582 3485 1821 3559 quaestuaretur,

994 3578 1297 3652 sequiturSoriptura,
1312 3581 1341 3634 et
1351 3576 1376 3633 ei
1392 3576 1538 3633 dieitesse
1554 3577 1823 3648 responsumtilooe

993 3671 1110 3726 miratus
1127 3667 1208 3724 sum'
1222 3667 1321 3739 seeum
1340 3667 1418 3722 luam
1436 3673 1462 3722 et
1480 3679 1562 3737 super
1576 3663 1689 3720 uerlurn
1709 3664 1771 3732 toa,
1789 3679 1823 3721 ne

993 3761 1142 3815 everterem
1154 3757 1291 3813 deitatem
1303 3754 1400 3827 mona
1414 3755 1524 3811 locutm
1538 3769 1576 3811 es.
1591 3753 1707 3812 Festina
1721 3753 1824 3825 erpod

993 3848 1085 3905 sulvus
1099 3848 1137 3902 sis
1151 3846 1210 3902 tlt:
1227 3861 1282 3901 aon
1296 3846 1371 3901 enim
1385 3853 1477 3916 potero
1491 3846 1582 3915 faeere
1599 3841 1727 3910 emtum,
1742 3841 1826 3899 doaso

992 3941 1024 3994 lu
1037 3937 1087 4003 illo
1102 3937 1222 3992 introeas
1242 3932 1319 4007 (Gen.
1342 3949 1412 3989 xvnr
1427 3939 1453 3990 et
1468 3932 1537 4005 xrx).
1561 3931 1632 3998 Quis
1652 3931 1708 3987 hoo
1729 3931 1757 3988 ei
1780 3947 1826 3989 re·

994 4024 1125 4098 spondit,
1141 4024 1198 4080 nisi
1213 4021 1262 4079 ilie
1276 4022 1323 4079 oui
1338 4020 1532 4094 dixerat,'0ro,
1548 4022 1684 4078 Domine?
1697 4020 1759 4077 Hae
1773 4036 1825 4077 su·

994 4119 1052 4172 tem
1068 4113 1104 4169 ad
1119 4113 1223 4169 ambos
1234 4111 1356 4179 dixerat,
1373 4127 1431 4167 non
1446 4111 1483 4168 ad
1495 4126 1599 4181 onum,
1610 4109 1687 4166 siout
1699 4108 1825 4183 apertis·

994 4203 1068 4260 sime
1084 4202 1227 4274 seriptum
1250 4204 1304 4270 est,
1328 4202 1405 4256 Diait
1418 4208 1512 4257 autem
1526 4199 1595 4256 dolls
1610 4198 1646 4254 ad
1668 4197 1745 4265 illos,
1760 4198 1824 4267 Dra,

994 4293 1116 4350 Domine.
1127 4291 1252 4364 Agnovit
1263 4288 1429 4363 ergo'Lolh
1442 4303 1534 4345 unum
1550 4286 1711 4344 Dominum
1725 4287 1757 4344 in
1771 4304 1824 4346 su·

993 4380 1066 4454 getis
1074 4380 1201 4447 duobus,
1210 4377 1439 4435 sieutdbraham
1448 4376 1705 4450 unumagnovitin
1714 4376 1825 4435 tribus.

1027 4472 1056 4526 7.
1072 4469 1134 4526 Non
1149 4471 1257 4526 eslaur
1271 4467 1404 4524 dieatur:
1421 4466 1472 4523 ille
1487 4465 1600 4522 abierat
1615 4465 1665 4537 qui
1679 4469 1826 4522 Dominus

993 4561 1056 4615 erat
1069 4560 1098 4614 et
1111 4573 1179 4614 enm
1190 4555 1336 4612 Abrabam
1352 4555 1468 4612 loeutus
1479 4559 1556 4622 erat;
1572 4554 1631 4611 duo
1645 4570 1713 4611 vero
1727 4553 1826 4629 angeli

992 4650 1057 4722 ejus
1074 4653 1158 4707 amnt
1173 4649 1225 4722 qui
1239 4649 1269 4704 in
1283 4648 1420 4716 Sodoma,
1430 4646 1481 4704 illo
1496 4646 1652 4715 abeunw,
1666 4648 1825 4703 venerunt.

992 4736 1310 4796 Omnesenimtresviri
1319 4735 1827 4809 dietisuntquiapparueruntibrs·

992 4827 1047 4896 hs,
1057 4829 1135 4884 siout
1144 4826 1297 4898 Scriptura
1306 4824 1468 4882 soletviros
1478 4824 1567 4882 eliam
1576 4822 1696 4897 angelos
1707 4840 1825 4881 nunan-

992 4933 1071 4991 pare.
1086 4916 1144 4973 Neu
1159 4931 1261 4972 eorum
1275 4914 1363 4972 alloni
1378 4914 1430 4973 uni
1454 4913 1619 4988 promptius
1634 4916 1663 4969 et
1677 4912 1825 4971 humilius

992 5004 1139 5062 Abraham
1148 5004 1306 5061 obseoutus
1320 5008 1366 5061 est
1376 5020 1465 5078 quam
1475 5002 1601 5072 duabus,
1611 5001 1827 5075 mosqustiun

993 5093 1131 5151 omnibus
1145 5093 1233 5166 pedes
1247 5091 1327 5164 lavit,
1341 5092 1492 5167 equaliter
1501 5089 1755 5164 omnibusepuias
1768 5089 1826 5148 mi·

1025 5277 1035 5314 ¹
1050 5274 1091 5325 Sie
1105 5274 1168 5324 tiss.
1183 5273 1252 5324 Editi
1266 5288 1340 5336 vero,
1353 5274 1499 5338 perdemus.

1025 5338 1123 5396 'Edita
1134 5337 1270 5386 muemtur
1280 5352 1345 5388 sam.
1356 5335 1592 5398 eonsummatos
1609 5343 1681 5381 sam:
1700 5332 1743 5384 uti
1752 5331 1825 5384 libro

994 5402 1024 5452 tt
1038 5400 1071 5450 de
1085 5399 1196 5450 civitate
1204 5399 1261 5461 Dei,
1270 5413 1329 5465 cap.
1339 5400 1379 5459 tl,
1389 5397 1591 5464 iuxtsgraseum
1599 5392 1826 5459 nstitutum,

1151 5558 1169 5584 Ι,
1391 5559 1399 5575 0

969 5621 973 5628 -
1023 5585 1112 5640 ‘Sola
1127 5586 1185 5639 tere
1199 5587 1280 5641 aditio
1293 5588 1370 5652 isos„
1382 5586 1499 5654 jubeam·
