3908 6128
79 488 142 551 ela
776 482 892 546 tisun
912 480 1096 547 suarius.
1728 464 1790 531 hid

81 627 142 691 tur,
160 622 200 680 ad
213 621 479 680 demonstrandum
506 618 666 689 Christum,
681 635 746 691 que
769 634 827 673 nnn
844 620 907 674 erat
960 616 1079 689 elegans
1093 612 1302 672 vocabulorum
1317 608 1473 667 labrioator
1487 605 1613 663 Faustus
1629 600 1692 671 luit,
1709 606 1742 657 ut
1756 608 1785 661 ot

78 716 182 769 exorta
195 715 256 780 est;
271 728 330 768 non
346 710 411 766 ideo
435 707 571 766 Christus
595 712 744 764 natusest
766 705 836 778 quia
856 704 906 762 illa
963 704 1148 762 hooloannis
1163 691 1784 772 exordium,Verbidiumnominaveritpro·

77 800 335 869 exstitit,sedideo
351 797 401 855 illa
414 797 741 867 exstititquiachristus
751 801 838 852 natus
849 800 903 852 est.
959 799 1024 868 pter
1039 794 1181 861 Verbum,
1196 793 1273 849 sieut
1285 790 1368 856 illud,
1380 790 1497 861 propter
1508 781 1651 857 genesim,
1664 780 1780 839 Genesi·

81 888 174 957 Unde,
191 889 217 945 si
232 888 290 945 diei
304 892 459 961 oporteret,
475 904 534 943 nen
561 885 676 943 stellam
706 885 829 956 Christo,
852 884 902 941 sed
959 883 1040 940 dium
1057 900 1148 940 ausus
1159 886 1203 938 est
1217 879 1373 954 appellare.
1384 876 1439 933 Sed
1451 891 1503 931 our
1518 889 1575 929 non
1592 870 1691 945 potius
1701 870 1779 943 cogi·

76 980 229 1037 Christum
262 976 353 1035 stellas
381 976 475 1033 iatum
507 976 598 1032 luisse
630 975 805 1031 diceremus.
837 978 903 1045 lpse
957 971 1165 1044 tatie,quanto
1185 962 1509 1042 impudentinprol'rnas
1532 960 1597 1015 illas
1621 964 1650 1016 et
1670 958 1779 1032 impias

74 1069 186 1140 quippe
200 1065 255 1132 illi,
271 1083 329 1123 non
344 1066 395 1122 illa
410 1065 478 1122 huie
492 1064 631 1121 nascendi
653 1063 750 1120 attulit
769 1078 900 1119 eaussm.
955 1060 1071 1117 fabulas
1086 1067 1196 1117 vestras
1210 1054 1393 1130 Evangelinnr
1410 1049 1589 1108 nominetis?
1604 1049 1678 1117 Quid
1697 1050 1776 1104 enirn

76 1156 100 1214 ai
115 1172 189 1230 ergo
204 1161 276 1213 sunt
290 1156 349 1211 lata
367 1171 432 1226 qua
453 1171 470 1210 a
493 1155 593 1221 lando,
619 1152 650 1209 id
669 1157 723 1221 est,
745 1152 899 1208 adieendo
954 1149 1014 1206 illie
1030 1150 1097 1207 honi
1113 1148 1314 1215 annuntiatur,
1332 1144 1381 1201 uhi
1406 1142 1514 1198 dieitur
1537 1140 1615 1195 Deus
1636 1138 1775 1194 adversus

74 1245 225 1318 appellate
237 1250 309 1301 sunt
319 1260 327 1301 ι
339 1243 480 1316 quoniam
490 1242 625 1300 Christus
640 1241 767 1298 Verbum
778 1240 828 1297 Dei
843 1244 898 1311 est,
953 1238 1091 1297 rebellem
1107 1239 1204 1295 neseio
1220 1252 1310 1309 quam
1325 1230 1501 1291 contrariam
1518 1227 1703 1299 alienamque
1724 1244 1776 1283 na·

70 1335 325 1407 inquoanteqam
340 1331 745 1403 ossent,dietasuntomnia;
761 1347 898 1387 nonoon·
952 1333 1121 1386 turamnon
1136 1327 1220 1385 aliter
1243 1341 1332 1399 reguo
1354 1338 1408 1379 suo
1435 1320 1566 1393 potuisse
1595 1315 1776 1389 prospiseere

68 1422 193 1481 sortium
207 1423 339 1479 siderum
351 1422 443 1478 latum
458 1419 566 1478 Christi
576 1421 689 1489 est,sed
704 1420 797 1476 iatum
807 1418 896 1477 stiam
950 1422 1039 1493 atquo
1053 1418 1214 1484 consulere,
1230 1415 1287 1473 nisi
1302 1418 1415 1487 partem
1431 1426 1490 1467 sum
1501 1410 1612 1464 naturae
1622 1404 1703 1461 illius
1714 1404 1774 1461 avi-

68 1512 203 1570 siderum
217 1511 353 1569 Christus
367 1515 429 1567 est:
444 1510 495 1583 qui
517 1515 546 1567 et
570 1510 666 1582 ipsam
692 1524 809 1565 earnem
839 1509 895 1565 sub
949 1509 1110 1566 daslauees
1123 1505 1320 1565 devorandam
1335 1502 1473 1567 mitteret,
1489 1500 1576 1570 atque
1590 1493 1772 1567 itepolluon·

67 1600 137 1659 emlo
153 1606 288 1657 arsetam
303 1616 337 1657 oa
350 1599 499 1656 voluntate
524 1599 697 1671 assumpsit,
722 1614 781 1670 qua
804 1598 894 1655 etiam
948 1598 1028 1667 dam,
1045 1602 1077 1653 ut
1090 1601 1158 1671 post
1176 1599 1275 1652 tantos
1297 1592 1412 1650 labores
1436 1594 1524 1661 atque
1540 1584 1688 1642 eruciatus
1711 1601 1769 1640 non

66 1689 171 1745 omium
186 1691 314 1756 erearit;
337 1705 372 1745 ea
395 1692 537 1761 potestate
561 1688 697 1760 deposuit
719 1692 749 1744 at
772 1688 891 1761 reaepit,
947 1692 1047 1761 posset
1061 1686 1163 1745 saltam
1178 1690 1239 1743 tota
1253 1680 1395 1757 purgarit
1409 1679 1491 1735 Itane
1505 1680 1565 1733 tam
1581 1674 1676 1732 malus
1692 1692 1767 1731 nun·

67 1794 121 1851 qna
134 1778 230 1833 etiam
247 1776 394 1833 sideribus
409 1776 572 1850 imperavit.
946 1775 1006 1833 tius
1019 1776 1207 1851 Evangelium
1222 1773 1289 1831 esti
1302 1776 1383 1829 Certe
1394 1784 1496 1827 omnes
1509 1764 1559 1839 qui
1570 1780 1662 1839 grece
1673 1764 1716 1820 vel
1728 1769 1769 1821 te·

97 1866 219 1923 CAPUT
228 1866 385 1923 Vl.-Cur
399 1882 467 1939 ergo
484 1883 541 1923 non
553 1866 592 1922 sit
607 1864 797 1938 Evangelium
812 1867 890 1938 quod
946 1865 1204 1935 nuiternnverunt,
1215 1859 1417 1934 Evangelium,
1431 1859 1544 1914 Bonum
1554 1852 1703 1922 nuntium,
1720 1857 1769 1909 aut

66 1956 98 2013 de
110 1956 173 2013 ista
186 1955 374 2029 generatione
390 1960 535 2022 narratur,
552 1970 619 2011 eum
635 1959 693 2010 tam
715 1956 791 2013 bona
806 1956 891 2013 nobis
944 1957 1054 2010 Bonam
1064 1952 1316 2011 annuntiationem
1327 1942 1770 2022 interpretantur.0uomodoest

66 2046 268 2112 annuntietur,
280 2049 314 2101 ut
328 2060 379 2117 por
394 2045 505 2117 ipsam¹
517 2049 617 2101 nostra
631 2048 751 2101 sanetur
765 2044 890 2102 infirmi·
944 2046 1042 2099 autem
1055 2043 1109 2099 iste
1118 2043 1212 2099 bonus
1222 2033 1602 2111 nuntius‚quandoquidem
1612 2032 1675 2105 ipso
1690 2032 1768 2088 Deus

64 2134 180 2189 testrtn
195 2133 267 2206 quia
275 2132 422 2189 Mattheus
438 2150 494 2187 non
510 2137 555 2188 est
566 2132 607 2188 ita
621 2148 752 2201 exorsus,
765 2140 797 2189 ut
809 2134 888 2190 diee-
943 2131 1168 2195 vobis‚velosihi
1180 2130 1324 2206 opposito,
1338 2124 1661 2201 lugerenuntiatusest,
1673 2121 1766 2178 donee

67 2224 245 2287 retinniunt
256 2223 402 2294 Evangelii
411 2224 475 2279 lese
490 2220 605 2285 Christi,
615 2221 741 2279 sieutait
760 2223 886 2294 blarens;
943 2237 997 2277 sua
1007 2222 1138 2278 membra
1150 2222 1186 2277 ab
1195 2221 1245 2276 illa
1258 2218 1419 2275 vastatione
1429 2220 1457 2271 et
1465 2210 1713 2271 contaminatione
1723 2226 1765 2268 re·

66 2313 121 2383 sed,
134 2314 223 2369 Liber
236 2312 497 2384 gmerotioaislesa
511 2310 635 2368 Christi?
649 2310 709 2367 liae
724 2313 810 2369 modo
834 2330 887 2370 nee
942 2314 1082 2382 parentur
1095 2314 1183 2382 atque
1198 2306 1378 2382 purgentur?
1403 2304 1453 2378 qni
1478 2302 1503 2359 si
1522 2300 1682 2373 aliquando
1700 2298 1763 2356 lue-

64 2400 189 2459 imanes
198 2400 391 2474 Evangelium
411 2400 566 2473 seripsisse
592 2400 717 2471 dicatur,
741 2402 812 2473 quia
832 2418 886 2460 nen
940 2400 1004 2455 tum
1018 2398 1137 2463 linierit,
1153 2397 1280 2454 erudelis
1305 2397 1361 2452 erit
1381 2392 1456 2463 Quid
1480 2391 1558 2448 enim
1574 2390 1610 2445 de
1624 2388 1673 2445 illo
1688 2388 1763 2445 naula

63 2490 119 2563 ipse
134 2491 188 2559 ait,
199 2489 320 2547 initium
335 2489 553 2563 elongabitur
563 2488 883 2565 Liberlivangolibsed,
939 2488 1047 2544 meruit
1061 2505 1130 2562 pars
1144 2487 1268 2559 illasjus
1289 2502 1352 2559 que
1364 2485 1394 2540 in
1409 2483 1496 2557 globo
1521 2477 1683 2554 ligabitur?
1696 2494 1762 2552 quas

61 2580 242 2653 lepriacipio
254 2588 316 2637 erat
332 2581 447 2637 Verbum
461 2580 552 2653 (roan.
569 2596 589 2651 r,
605 2580 641 2651 l).
658 2578 721 2638 Nisi
736 2578 810 2637 torte
821 2586 882 2639 tam
939 2576 1080 2649 utiquein
1102 2582 1242 2633 eternum
1267 2574 1395 2650 lugenda
1407 2576 1462 2644 est,
1478 2570 1548 2644 quia
1565 2569 1595 2624 in
1615 2571 1758 2626 aternum

936 2665 1133 2723 damnabitur.
1145 2666 1202 2724 Sed
1216 2665 1375 2735 evasimus,
1402 2661 1479 2736 quod
1503 2660 1595 2716 istum
1619 2656 1757 2715 nuntium

936 2755 1072 2829 quisquis
1087 2755 1243 2830 diligenter
1256 2753 1423 2822 adverterit,
1440 2767 1497 2809 non
1522 2748 1637 2824 eegitur
1650 2746 1760 2823 lugere,

935 2843 1007 2917 qnia
1021 2843 1119 2902 malus
1129 2849 1191 2913 est;
1207 2845 1257 2903 sod
1270 2844 1375 2916 ridere,
1391 2840 1462 2915 quia
1475 2838 1570 2897 salsus
1585 2841 1639 2896 est.

87 2726 95 2760 ¹
108 2724 175 2775 'rrae
184 2722 332 2789 llae.,qaod
342 2722 392 2772 isto
403 2720 435 2772 de
441 2722 605 2787 generatione
611 2724 820 2782 nomentan-,eam
827 2724 880 2774 tom

63 2784 203 2835 manebis
213 2786 441 2845 nannetieatarnet
456 2800 503 2849 per
517 2784 679 2851 ipsamet
688 2786 740 2847 En,
756 2800 812 2836 eam
826 2789 879 2837 tom

62 2846 119 2900 hu
132 2848 214 2900 nodie
227 2849 425 2910 memnonem,
439 2851 467 2899 at
478 2862 527 2913 per
541 2848 635 2913 ipsam.

651 3101 840 3196 LIBER
888 3102 1167 3201 TERTIUS.

85 3360 208 3420 CAPUT
222 3360 426 3420 PRIMUM.--
436 3361 568 3420 Fausrus
581 3361 672 3419 dixit:
686 3362 801 3437 heeipis
815 3380 882 3435 ergo
937 3362 992 3422 stis
1007 3368 1148 3438 unquam
1160 3362 1355 3439 repugnantia
1365 3361 1536 3430 movissent,
1548 3360 1687 3435 diligente
1697 3377 1761 3434 quea

56 3450 882 3526 generationemibquidemeonatusdiusumhooipsum
936 3470 1009 3512 rere.
1024 3471 1113 3527 quarn
1127 3458 1236 3511 temere
1253 3454 1393 3510 damnare
1411 3451 1582 3509 maluisses:
1600 3455 1633 3507 ut
1656 3450 1761 3508 saltem

57 3540 273 3613 undecumque
287 3544 333 3597 ost
360 3541 520 3613 pesuadere
543 3538 627 3609 mihi,
643 3541 713 3614 quia
732 3541 771 3599 sit
794 3547 882 3600 natus
935 3540 1761 3617 propteripsamquequasiprimalronteeeourrit,aper·

57 3630 145 3687 bens:
159 3630 213 3685 sed
241 3630 372 3685 offensus
391 3630 517 3685 duorum
540 3630 667 3687 maxime
688 3631 880 3704 evangelista·
935 3632 1083 3688 tissimum
1100 3629 1563 3705 repugnantiam,cogitares,nisi
1577 3628 1688 3702 aliquid
1701 3628 1760 3685 illie

53 3734 114 3775 rum
129 3718 334 3787 dissensione,
355 3718 403 3789 qui
428 3717 628 3791 genealogiam
648 3720 713 3791 ejus
736 3719 879 3790 scribunt,

53 3806 134 3865 Lucae
150 3806 569 3877 etllatthaei(ltutth.1,l-17et
582 3809 882 3881 tao.1n‚23-38),hosi

52 3896 185 3955 incertus
198 3913 360 3970 quemnam
372 3896 712 3971 potissimnmsequerer.
720 3897 793 3954 Fieri
804 3898 881 3955 enim

49 3986 618 4060 poeseputabam,utquiapresseiusnon
628 4003 883 4060 sum,quemmen-

51 4078 97 4133 tiri
111 4075 332 4141 existimarem,
350 4076 413 4148 ipse
424 4076 533 4133 diceret
546 4091 658 4146 verum;
669 4080 698 4133 et
712 4094 800 4149 quem
815 4093 883 4135 vera

49 4164 142 4239 loqui,
162 4164 228 4239 ipse
240 4164 363 4222 forsitan
382 4164 560 4222 mentiritur.
577 4165 769 4238 lndnitaergo
780 4183 881 4223 eorum

49 4253 267 4327 pretermissas
276 4252 338 4323 lite,
349 4253 593 4311 etinterminabili
606 4254 880 4323 mibi,adJoannem

49 4342 246 4417 Heroumque
256 4359 303 4400 me
318 4342 429 4400 contuli
441 4361 448 4401 :
461 4359 514 4400 nee
526 4344 677 4417 impariter
690 4344 832 4403 aduohus
842 4345 878 4401 ad

48 4432 134 4503 dnos,
152 4432 233 4490 stab
256 4432 448 4505 Evangelietis
462 4433 499 4489 ad
515 4434 647 4505 ejusdem
664 4433 793 4490 nominis
812 4451 878 4509 pro·

47 4520 189 4579 tamem.
203 4523 334 4587 Quorum
344 4521 418 4579 mihi
434 4521 577 4594 principia
600 4521 718 4579 interim
741 4540 799 4579 nen
823 4523 879 4580 im·

47 4609 159 4669 merito
173 4608 358 4684 placuerunt,
376 4610 446 4683 quia
457 4627 511 4667 nee
525 4609 627 4683 David,
640 4628 691 4669 neo
703 4611 825 4669 Mariam
838 4614 880 4669 in·

48 4700 166 4767 dieunt,
182 4699 373 4773 nealoseph;
389 4700 441 4755 sed
452 4700 580 4756 Joannes
594 4701 714 4772 quidem
730 4700 759 4756 in
776 4702 880 4773 prinoi-

48 4788 199 4861 plotuisss
206 4787 878 4863 Verbumdieit,etVerbumluisseapudDeum,

49 4884 75 4934 et
90 4882 188 4934 mum
205 4876 298 4934 luisse
309 4877 436 4934 Verbum
448 4878 539 4951 (loon.
552 4894 572 4946 r,
581 4877 616 4949 l),
628 4878 777 4935 Christum
788 4878 878 4953 signi·

49 4966 145 5025 beans
160 4982 168 5024 :
181 4969 297 5022 Marsus
312 4982 391 5035 vero,
408 4968 598 5039 Evangelium,
608 4966 713 5040 inquit,
724 4969 789 5025 lesa
800 4968 879 5025 Clari·

47 5058 81 5113 ni
94 5055 156 5127 filii
164 5055 217 5111 Dei
225 5056 328 5127 (More.
340 5073 362 5125 1,
380 5055 406 5128 t)
421 5072 428 5110 ι
443 5060 585 5129 tanquam
597 5056 766 5113 hlatthaeum
777 5074 879 5131 expro-

47 5146 152 5213 brans,
167 5146 220 5219 qni
236 5145 469 5219 posueritlilium
480 5144 581 5202 David.
594 5145 656 5202 Nisi
669 5147 743 5203 torte
753 5146 879 5205 alterum

48 5234 104 5305 hie,
115 5235 285 5293 stellarum
300 5234 349 5292 ille
360 5235 517 5293 annuntiat
526 5238 639 5292 Jesum.
651 5235 718 5293 Haeo
727 5253 795 5311 ergo
805 5237 878 5295 ratio

48 5331 171 5397 astque
184 5340 240 5397 ege
252 5340 309 5381 non
327 5324 438 5397 aeeipio
453 5324 601 5381 Christum
617 5328 731 5381 natum.
746 5325 789 5382 Tu
800 5342 877 5396 vero,

49 5414 195 5471 attentus
210 5430 243 5471 ee
252 5413 370 5471 athene
381 5412 454 5471 mihi
469 5413 584 5472 adimas
594 5414 878 5486 offensionem‚elliee

50 5504 175 5561 utinmr
188 5501 294 5577 seipsi
314 5500 504 5571 eonveniant;
521 5505 550 5559 et
566 5505 728 5575 utcumque
742 5517 876 5559 saecum·

50 5590 118 5651 hem
132 5608 140 5661 3
155 5590 295 5665 quamvis
306 5606 360 5650 neo
370 5589 413 5649 sia
421 5591 539 5665 quidem
549 5590 672 5665 dignum
681 5589 737 5648 erit
748 5607 783 5647 ex
794 5595 876 5649 utere

52 5684 154 5739 utum
168 5682 288 5739 eredere
301 5684 405 5753 mum,
417 5684 448 5737 et
462 5681 553 5737 Deum
568 5679 808 5737 Christianorum.

87 5770 207 5831 CAPUT
218 5770 255 5829 ll.
269 5800 304 5813 -
317 5769 673 5843 Auensrrnnsrespnndit:
685 5768 742 5827 Osi
757 5769 875 5844 pinsin-

56 5858 104 5919 dio
116 5858 241 5935 legisses
254 5858 458 5934 Evangelium,
473 5862 503 5918 et
515 5874 550 5917 ea
564 5874 629 5933 qua
643 5862 672 5917 te
685 5857 717 5917 in
728 5858 877 5935 lirengeli·

937 3738 1078 3795 magnum
1093 3719 1204 3787 lateret,
1221 3719 1340 3778 dil'fieile
1353 3718 1414 3776 fieri
1429 3718 1560 3793 potuisse
1576 3722 1609 3774 ut
1622 3723 1704 3775 tanta
1717 3716 1760 3774 eis

937 3810 1096 3867 auotoritas
1106 3810 1136 3865 in
1149 3813 1294 3865 terrarum
1305 3807 1373 3866 orbe
1383 3808 1570 3881 praeberetur,
1582 3805 1705 3879 quesibi
1717 3809 1761 3863 tot

936 3899 1090 3957 hominum
1101 3897 1464 3969 doetissirnorumingenia
1477 3895 1758 3969 subjugarentouid

936 3988 1014 4045 enirn
1032 4004 1172 4062 magnum
1183 3993 1228 4046 est
1238 3987 1335 4045 videre
1347 3987 1423 4061 quod
1435 3986 1560 4056 vidistis,
1572 3985 1644 4043 alios
1651 3985 1759 4043 Christi

936 4079 1099 4135 seeundum
1115 4094 1233 4135 earnem
1248 4080 1488 4153 progeneratores
1503 4074 1726 4133 commemorari
1741 4092 1759 4133 a

936 4167 1027 4236 Luea,
1041 4165 1115 4226 alios
1129 4185 1147 4224 a
1161 4166 1307 4237 Matthiae,
1323 4183 1389 4224 oum
1406 4165 1493 4223 ambo
1514 4163 1624 4238 Joseph
1650 4164 1758 4222 eonsti-

935 4259 1031 4328 tuant,
1045 4256 1214 4314 lieltherus
1229 4257 1266 4313 ad
1281 4271 1369 4331 quem
1386 4254 1534 4327 terminet,
1559 4258 1651 4311 boeas
1667 4270 1758 4326 aquo

936 4345 1057 4417 incipiat
1072 4346 1141 4419 :qui
1166 4349 1284 4419 propter
1306 4344 1454 4418 quoddam
1482 4360 1551 4401 eum
1577 4344 1641 4416 ejus
1666 4347 1758 4402 matre

935 4438 1071 4491 sanetum
1084 4439 1113 4492 st
1127 4433 1267 4508 virginale
1278 4434 1459 4508 eonjugium,
1475 4433 1563 4491 etiam
1580 4433 1643 4508 ipse
1652 4449 1758 4508 parens

935 4522 1042 4579 Christi
1059 4524 1166 4581 meruit
1179 4522 1319 4597 appellari
1333 4541 1340 4592 ;
1357 4527 1389 4580 ut
1404 4528 1521 4597 pmpter
1535 4522 1646 4579 virilem
1662 4521 1758 4596 digni·

934 4615 1035 4681 tatem,
1052 4612 1089 4670 ab
1104 4613 1180 4686 ipso,
1194 4612 1239 4669 vel
1255 4629 1349 4686 usque
1365 4612 1400 4669 ab
1421 4612 1532 4685 ipsum,
1556 4611 1760 4685 generationes

933 4701 1179 4760 eonteaerentur?
1207 4701 1282 4767 Quid
1310 4718 1378 4775 ergo
1395 4717 1537 4775 magnum
1552 4705 1597 4758 est
1612 4701 1690 4776 quod
1716 4702 1759 4759 vi·

934 4790 1032 4863 distis,
1048 4792 1127 4865 quod
1139 4790 1233 4849 alium
1257 4796 1370 4865 patrem
1395 4790 1502 4849 habeat
1523 4791 1633 4866 ioseph
1652 4809 1757 4852 seeun-

935 4880 1004 4937 dum
1037 4880 1218 4951 lllatthasum,
1242 4879 1333 4938 alium
1363 4881 1526 4939 seeundum
1553 4881 1692 4953 Lunam,
1728 4884 1758 4940 et

934 4968 1023 5026 alium
1036 4988 1123 5027 avum
1140 4971 1302 5028 seeundum
1316 4970 1417 5037 istum,
1434 4970 1526 5026 alium
1542 4970 1705 5028 seeundum
1719 4970 1755 5028 il-

932 5057 1006 5127 lum,
1022 5063 1051 5116 ot
1065 5060 1201 5133 deineeps
1217 5077 1336 5117 sursum
1357 5075 1459 5117 versus
1482 5076 1575 5133 usque
1593 5064 1627 5117 ad
1653 5060 1755 5128 David,

933 5163 985 5220 per
1001 5152 1061 5205 tam
1079 5147 1188 5206 multas
1202 5148 1404 5223 generationes
1414 5148 1487 5207 alios
1497 5150 1707 5221 parentesejos
1717 5150 1754 5207 ab

932 5236 1075 5307 isto‚alios
1086 5237 1181 5295 abillo
1191 5237 1469 5296 enumerariiltane
1480 5242 1540 5296 tam
1550 5242 1680 5312 apertam
1691 5255 1754 5296 ma·

933 5326 1753 5402 nilestamquediversitatem,totaeutiatdoetiviri,divi·

932 5431 1038 5474 narum
1054 5417 1271 5490 Scripturarum
1284 5421 1509 5492 pertractatores
1523 5416 1753 5491 diligentissimi,

932 5521 990 5562 non
1004 5506 1155 5563 riderent?
1168 5506 1219 5581 qui
1231 5506 1350 5580 quidem
1361 5506 1392 5564 in
1404 5504 1604 5579 latinalingua
1615 5506 1752 5581 perpauei

930 5598 1020 5665 snnt3
1036 5610 1086 5653 eos
1100 5600 1199 5653 autem
1213 5596 1243 5651 in
1258 5611 1352 5670 grano
1363 5596 1431 5669 quis
1447 5594 1754 5653 numersttlliderunt

930 5699 996 5741 eam
1012 5683 1108 5756 plane.
1123 5685 1196 5751 Quid
1212 5684 1291 5743 enim
1302 5684 1428 5753 laellius,
1443 5688 1495 5742 aut
1513 5684 1581 5759 quis
1595 5682 1751 5761 paululum

929 5770 1059 5844 intuens,
1081 5773 1139 5832 ista
1153 5790 1210 5832 non
1225 5773 1341 5831 videat?
1354 5772 1408 5831 Sed
1424 5773 1471 5848 pie
1485 5772 1649 5849 eogitantes
1662 5778 1750 5833 tante

929 5862 1112 5924 auetoritatis
1124 5862 1325 5937 eminentiam,
1338 5862 1429 5925 latare
1442 5864 1484 5925 ibi
1498 5862 1610 5939 aliquid
1618 5864 1751 5925 eredide-
