3908 6128
589 320 706 385 uranu
728 292 999 385 ououncr'uus.
1589 325 1650 388 eoa

98 452 194 510 iacies
209 452 370 509 oculorum.
399 453 551 526 Propterea
574 453 648 509 duas
663 454 692 508 in
713 452 768 508 boo
823 452 997 510 intinitatem
1012 468 1129 527 quoque
1148 453 1263 510 numeri
1288 456 1361 512 ratio
1385 457 1541 523 renuntiet,
1558 474 1648 530 quem

100 543 206 598 nitates
217 542 294 598 volui
306 543 525 598 commendare:
538 558 638 610 unam,
650 558 717 598 cum
727 541 769 596 vi·
823 540 905 597 uuila
915 541 987 597 visio
996 543 1320 615 corporaliacogitantis
1329 545 1529 616 apprehendit.
1540 548 1648 605 uadem

98 630 149 686 rtis
161 631 304 686 formatur
313 646 348 686 ex
358 646 478 703 corpore
490 647 497 697 ;
508 631 608 701 elium,
620 647 687 686 cum
698 628 771 685 visio
828 630 900 685 ratin
909 631 994 688 docet
1002 631 1297 689 minutissimaetiam
1307 635 1481 705 corpuscula
1490 636 1651 693 induitedi·

98 736 104 774 ι
120 720 263 775 formatur
276 735 310 774 ex
326 719 477 774 memoria.
498 719 622 775 Mediam
637 734 705 774 vero
721 733 771 773 uo·
828 718 902 787 vidi;
915 736 981 775 cum
992 724 1091 776 tamen
1103 721 1138 775 ad
1150 737 1199 777 aas
1209 722 1367 778 tenuitates
1375 722 1418 779 vel
1436 724 1576 781 minutias
1587 740 1652 798 per·

109 808 150 863 ibi
175 824 235 863 uon
250 806 324 864 solet
346 806 419 863 visio
444 807 510 874 dici,
536 823 602 864 cum
626 806 773 863 memorie
829 812 948 863 ventum
961 808 1057 878 luerit,
1070 826 1143 880 quea
1153 809 1231 866 visas
1242 811 1442 881 meminimus,
1454 813 1587 871 exiliores
1596 815 1652 872 rni-

98 900 171 952 latur
185 897 289 964 torma,
306 912 370 968 qua
394 896 428 951 tlt
451 898 482 952 iu
505 912 593 953 sensu
617 896 773 953 cernentis.
830 895 1019 968 nutioresque
1029 897 1200 969 phantasias
1212 900 1272 968 jam
1289 916 1346 955 non
1362 917 1521 972 possumus
1531 904 1652 975 intueri,

98 1001 175 1041 tmen
193 983 329 1041 voluntas
345 1000 402 1040 uon
426 988 557 1057 apparet,
583 984 640 1041 nisi
655 982 775 1055 copula·
830 985 964 1056 quamvis
978 983 1051 1041 retia
1067 1002 1124 1041 non
1139 986 1253 1043 desinat
1267 989 1398 1061 persequi
1413 1006 1446 1047 ao
1460 991 1597 1050 dividere.
1609 992 1653 1052 lta

98 1074 103 1128 i
119 1073 251 1146 parentis
266 1076 293 1128 et
309 1072 409 1144 prolis.
432 1073 467 1128 lit
489 1073 554 1128 ideo
569 1073 776 1143 undecumque
831 1072 913 1129 nulla
928 1073 1098 1147 corporalia,
1114 1075 1167 1131 etsi
1184 1079 1234 1131 aut
1248 1093 1282 1132 ea
1296 1094 1361 1150 qua
1385 1080 1586 1153 meminimus,
1601 1086 1654 1141 aul

115 1176 169 1218 neo
183 1177 291 1233 parens
307 1177 360 1217 nec
379 1161 476 1233 proles
490 1161 548 1217 dici
563 1164 668 1232 potest.
831 1177 866 1217 ex
880 1160 918 1217 iis
932 1177 998 1233 quis
1013 1161 1214 1231 niteminimua
1231 1165 1404 1237 cogitamus.

98 1254 100 1275 ¹
112 1254 147 1306 x.
158 1282 193 1292 —
205 1252 248 1306 17.
260 1252 352 1306 Etiam
361 1266 415 1306 aon
429 1252 496 1306 uiris
514 1250 592 1305 addit
612 1250 777 1320 imoqinots'o
868 1249 986 1307 catur
1000 1249 1047 1308 xl.
1063 1282 1098 1293 -
1112 1254 1140 1308 8.
1156 1254 1301 1326 Numerus,
1315 1257 1433 1329 prendas,
1444 1276 1584 1319 mensuro.
1596 1262 1654 1321 Sed

98 1339 264 1397 iisoidimus.
275 1341 312 1394 At
322 1339 400 1396 enim
412 1338 437 1395 si
450 1355 507 1394 uon
517 1340 708 1395 meminimus
719 1337 777 1394 nisi
832 1339 902 1404 quia
912 1341 1397 1417 numerosecogitaripossuntqure
1406 1346 1656 1421 singillatimsunt

99 1428 204 1495 simus,
216 1444 311 1500 neque
321 1427 484 1501 cogitamus
492 1428 547 1483 nisi
558 1427 635 1501 quod
646 1427 778 1483 tuemini·
833 1429 978 1500 impresso
988 1430 1145 1497 memorie,
1152 1430 1272 1499 videtur
1280 1433 1315 1489 ad
1325 1435 1494 1493 memoriam
1504 1454 1655 1513 mensure,

98 1536 109 1573 r
123 1518 296 1590 plerumque
312 1516 385 1572 laisa
397 1516 570 1589 cogitemus,
587 1533 654 1573 cum
669 1533 778 1588 eaquae
833 1517 869 1573 ed
880 1516 1022 1573 visionem
1033 1522 1656 1593 veronumeruspertinerc.Ouiclicstinuu·

98 1626 101 1661 ι
117 1623 174 1662 uon
190 1606 293 1678 utique
305 1605 378 1661 salso
389 1605 611 1662 meminerimus
622 1621 629 1658 ι
641 1604 698 1661 nisi
709 1606 780 1677 quia
834 1605 984 1661 morabilis
994 1606 1033 1662 sit
1042 1606 1244 1680 multiplicitas
1252 1609 1356 1667 talium
1367 1613 1521 1686 visionum,
1531 1618 1656 1691 singulis

105 1694 259 1766 illaquam
276 1693 504 1765 conjunctricem
524 1711 558 1751 ac
572 1695 778 1766 separatricem
833 1694 970 1751 tamenin
981 1695 1122 1753 memoria
1130 1699 1317 1771 praescriptus
1325 1702 1657 1778 estintransgreesibilis

98 1786 325 1858 todirerumjam
334 1789 478 1857 quantum
489 1785 570 1856 potui
578 1786 780 1842 demonstrare
835 1784 951 1839 modus.
962 1784 1098 1841 Mensura
1106 1785 1231 1858 igituria
1242 1790 1392 1857 memoria,
1400 1791 1659 1853 invisionibusou·

98 1878 260 1932 irmandam
269 1875 426 1948 cogitantis
434 1877 526 1932 aciem
542 1891 594 1947 per
607 1874 780 1932 abscondita
835 1888 934 1927 merus
945 1877 1067 1946 apparet
1079 1889 1087 1928 ι
1099 1874 1176 1929 sicut
1186 1876 1216 1931 in
1227 1875 1300 1948 ipsis
1311 1881 1483 1951 corporibus
1492 1882 1658 1943 visibilibus

98 1967 227 2023 ducitur
238 1965 354 2022 libitum
363 1966 494 2033 est,etad
506 1965 661 2039 cogitanda
671 1981 705 2022 ea
715 1982 779 2037 quse
835 1961 1116 2032 meneuraquoedem
1128 1967 1184 2031 est,
1194 1964 1241 2019 cui
1252 1967 1495 2029 numerosissime
1505 1978 1660 2047 coaptatur

98 2057 225 2124 linimus,
235 2058 389 2128 exaisquae
399 2056 601 2123 meminimus,
610 2055 690 2112 aliud
700 2056 778 2124 binc,
835 2065 941 2105 sensus
951 2048 1140 2120 videntium¹,
1153 2056 1181 2107 et
1189 2069 1223 2109 ex
1235 2070 1294 2110 unu
1302 2055 1412 2113 visibili
1425 2059 1660 2136 multorumflcer·

98 2164 121 2217 s,
131 2146 419 2219 utsumatimpellit3
429 2147 529 2219 quain
538 2163 628 2203 unum
636 2146 779 2203 visionem
836 2139 969 2194 nentium
980 2136 1124 2195 formatur
1139 2145 1295 2213 aspectus:
1312 2143 1353 2201 its
1363 2150 1396 2201 ut
1405 2148 1492 2204 etiam
1505 2168 1583 2208 unus
1594 2169 1660 2224 pro-

100 2237 211 2293 iaciunt
223 2236 332 2309 aliquid
350 2235 428 2308 quod
446 2237 511 2293 ideo
533 2235 639 2293 salsum
655 2236 779 2306 dicatur,
836 2232 901 2299 pler
914 2226 1040 2283 ‘limium
1052 2227 1202 2287 mullorum
1215 2248 1370 2289 numerum
1382 2234 1660 2314 plerumque-'unam

98 2342 152 2383 non
164 2330 209 2381 est
218 2324 289 2381 sori,
299 2325 329 2380 in
343 2340 654 2398 mrumcorpofflarum
664 2329 779 2393 natum,
836 2332 897 2371 rem
909 2315 1057 2389 geminata
1067 2318 1163 2389 specie
1174 2319 1278 2387 rideat,
1294 2322 1372 2379 sicut
1385 2341 1476 2399 cupra
1490 2328 1657 2389 docuimus.

98 2416 126 2472 ιθ
140 2415 281 2471 memoria
299 2414 414 2471 videtur
436 2431 616 2487 expressum,
642 2430 708 2472 cum
723 2413 782 2470 1210
836 2403 1661 2491 lnbiscrgorebusundevisicnesexprimuntur‚quedsm

98 2522 102 2559 ,
117 2503 245 2560 ,mim
260 2503 471 2560 meminimus?
484 2503 554 2567 0qu
564 2503 781 2577 eniqudjqoq.
836 2507 977 2549 mensura
990 2497 1036 2550 eat
1049 2510 1056 2551 ε
1068 2494 1098 2550 in
1113 2495 1187 2568 ipsis
1202 2502 1301 2555 autem
1315 2500 1489 2573 visionibus.
1505 2523 1658 2569 numerus.

98 2592 231 2664 (rumpet
240 2596 486 2664 pmpqmanflmo
498 2593 645 2649 meminit:
655 2592 783 2665 oogqqm
836 2580 978 2639 Voluntas
987 2598 1054 2639 vero
1065 2600 1130 2656 qure
1140 2585 1196 2642 iata
1207 2588 1360 2662 coniungit
1370 2594 1399 2647 et
1408 2592 1535 2664 ordinat,
1546 2602 1577 2655 et
1591 2615 1662 2673 qua·

98 2682 136 2739 11„
150 2698 207 2738 „011
219 2681 339 2755 potest?
351 2680 443 2737 pacilo
453 2687 498 2738 est
515 2682 593 2738 enim
612 2681 692 2737 mam
708 2681 782 2754 qgu.
837 2670 1157 2745 damunitatecopulat‚
1167 2690 1220 2731 nec
1228 2677 1372 2735 sentiendi
1388 2686 1440 2737 eut
1451 2685 1599 2758 cogitandi
1611 2705 1662 2763 ap·

98 2787 139 2827 qm
154 2770 277 2827 videndo
293 2770 492 2843 cognovimug,
510 2769 592 2843 nigro
607 2770 702 2828 colom
718 2786 782 2841 per.
837 2758 959 2831 petitum
971 2757 1029 2817 nist
1039 2761 1068 2816 in
1085 2761 1132 2818 his
1146 2764 1234 2820 rebus
1250 2768 1327 2822 unde
1343 2767 1469 2827 visiones
1483 2773 1659 2849 formantur,

104 2877 192 2933 quem
208 2858 401 2916 „thumim
413 2859 441 2914 qn
452 2857 517 2916 api„
527 2860 699 2931 emporibus
709 2858 782 2915 vidi.
837 2848 1027 2920 acquiescens
1034 2849 1166 2917 collocat.
1176 2853 1297 2923 ponderi
1307 2854 1662 2940 similisest.0uaproptsr

98 2947 783 3021 uqautrumqquengqmuq‚utrumquememjni.
837 2937 1659 3018 baeotria‚mensuram‚numerumponduaetiamincss·

98 3035 781 3110 ,qvemquadrupedemmeminqquianonvidig
837 3028 1657 3110 terisomnibusrebusanimadvsrtendaprelibaverim.

98 3126 209 3183 pusiam
220 3125 308 3182 talem
323 3125 462 3182 facillima
470 3125 596 3194 intueor,
613 3126 683 3182 dum
696 3125 781 3183 alicui
837 3117 922 3174 Nunc
935 3116 1052 3175 interim
1067 3116 1246 3175 voluntatem
1261 3122 1467 3195 copulatricem
1480 3129 1522 3185 rei
1535 3130 1661 3187 visibilis

98 3214 180 3272 >latili
192 3214 306 3287 qualem
316 3214 385 3277 vidi.
395 3214 784 3288 adjungoaliosduospedss
840 3210 928 3280 atque
942 3206 1064 3263 visionis
1079 3208 1164 3279 quasi
1174 3210 1304 3280 parentis
1314 3216 1343 3268 et
1362 3214 1463 3287 prolis,
1474 3216 1534 3275 sive
1546 3218 1576 3275 in
1590 3237 1660 3277 sen·

98 3305 179 3361 :idem
196 3303 254 3360 vidi
273 3304 402 3376 (Retract.
428 3304 477 3360 to.
501 3306 530 3370 2,
554 3320 614 3376 cup.
641 3304 684 3372 15,
699 3322 729 3359 a.
743 3302 784 3375 2).
840 3296 950 3364 tiendo.
962 3294 1061 3351 sivein
1072 3297 1236 3369 cogitando,
1247 3314 1301 3356 uec
1316 3306 1464 3373 parentem
1481 3323 1534 3364 neo
1548 3308 1661 3382 prolem

98 3393 237 3463 tendum
247 3391 787 3465 conJunctacogitamus‚quesingilla-
841 3386 898 3442 dici
911 3400 1006 3458 posse,
1018 3386 1163 3457 quomodo
1179 3385 1254 3443 valui
1265 3392 1293 3445 ct
1303 3390 1410 3461 quibus
1431 3393 1508 3451 valui
1523 3396 1663 3455 demons-

98 3500 118 3538 a
131 3481 331 3549 meminimus,
343 3480 477 3538 videmur
486 3498 544 3537 nun
556 3481 585 3535 id
597 3481 674 3554 quod
687 3479 788 3537 meml-
842 3474 925 3532 travl.
937 3473 1018 3529 Unde
1027 3476 1144 3544 tempus
1154 3474 1303 3542 admonet,
1313 3476 1389 3534 hunc
1399 3482 1533 3540 eamdem
1547 3485 1663 3544 trinita-

98 3569 787 3643 tgitare;cumidagemusmodereatemernoria‚
845 3570 902 3621 tem
913 3564 943 3619 in
954 3561 1091 3618 interiore
1100 3560 1218 3619 bomine
1229 3565 1387 3635 requirere,
1408 3572 1541 3642 atqueab
1558 3573 1615 3632 isto
1629 3575 1666 3631 da

98 3660 201 3716 uimus
212 3659 311 3716 omnia
323 3676 387 3731 que
399 3658 726 3731 multipliciteraovarie
736 3673 788 3731 pro
845 3670 902 3727 quo
922 3650 1034 3708 tamdiu
1059 3649 1175 3707 locutus
1198 3668 1265 3708 sum
1289 3654 1409 3711 animali
1434 3663 1521 3731 atque
1544 3661 1666 3732 carnali,

98 3749 224 3805 >lentate
235 3748 791 3821 componimus.Namnequeipsasma·
845 3742 896 3816 qni
910 3739 1163 3809 exteriordicitur‚
1179 3739 1324 3799 introrsus
1347 3746 1475 3804 tendere.
1496 3748 1551 3807 Ubi
1565 3767 1666 3825 spera·

98 3854 135 3894 ves
147 3853 313 3910 corporum,
327 3854 401 3909 quas
412 3853 565 3908 nunquam
577 3836 715 3903 vidimus,
727 3836 791 3893 sine
846 3848 914 3889 mres
928 3828 1058 3886 invenire
1074 3843 1126 3885 nos
1141 3845 1227 3901 posse
1238 3833 1402 3889 secundum
1417 3836 1577 3895 trinitatem
1592 3840 1668 3898 ima·

98 3926 176 3983 toria
187 3924 607 3996 cogitamusiluantumenim
619 3924 705 3998 spatii
717 3925 792 3982 solat
846 3920 943 3994 ginem
964 3917 1026 3987 Dei,
1052 3921 1175 3974 conatus
1199 3922 1316 3977 nostros
1339 3920 1389 3979 illo
1413 3924 1476 3997 ipso
1501 3927 1667 3997 adiuvante,

98 4013 790 4088 spermaqnitudinemmundinosterobtutus,in
847 4026 934 4081 quum
949 4004 1058 4074 omnia,
1074 4006 1152 4062 sicut
1174 4022 1220 4061 ree
1244 4008 1314 4079 ipse
1342 4010 1485 4084 indicant,
1510 4014 1552 4072 ita
1579 4016 1668 4074 etiam

98 4103 281 4160 extendimus
294 4103 438 4175 quaslibet
448 4120 603 4176 corporum
615 4105 791 4171 moles,cum
848 4101 949 4156 sancta
966 4096 1115 4166 Scriptura
1130 4096 1159 4150 in
1178 4112 1315 4153 mensura
1328 4103 1357 4155 et
1372 4108 1533 4160 numeroet
1542 4107 1670 4178 pondera

98 4194 178 4249 ‚imas
194 4193 365 4263 cogitamus.
381 4193 417 4248 ut
431 4192 506 4248 ratio
522 4191 641 4264 quidem
656 4190 791 4264 pergitin
848 4184 1030 4260 disposuisse
1044 4187 1167 4239 testatur
1181 4184 1255 4256 (Sap.
1272 4204 1311 4254 xv,
1327 4188 1383 4258 21).

98 4299 121 4351 a,
138 4282 188 4339 aed
206 4280 362 4353 phantasia
376 4296 434 4337 nou
446 4282 588 4353 sequitur.
602 4280 713 4354 Quippe
724 4296 792 4336 cum
881 4287 889 4322 ¹
907 4284 1027 4347 Plerique
1041 4283 1113 4341 tiss,
1129 4296 1217 4332 sensio
1230 4283 1342 4336 videndi.

98 4404 1672 4433 *mm—m

502 4520 690 4616 LIBER
719 4514 1144 4615 DUODECIMUS.

98 4699 103 4733 v
118 4681 258 4755 premissa
272 4678 441 4754 distinctione
451 4678 619 4753 sapienties
632 4679 754 4739 scientis,
767 4679 798 4753 ‚¹¹¹
811 4690 844 4728 ea
857 4690 918 4751 qne
932 4674 1041 4749 propris
1055 4674 1166 4747 seieutia
1180 4679 1361 4748 nuncupatur,
1386 4692 1481 4743 queas
1497 4682 1610 4737 interior
1623 4688 1676 4746 est,

100 4742 663 4870 311,ιέἃεὲιέθῗιῐιὲᾝενξτιιἮζαιὲῃοᾶῗηὼῑιπε
680 4754 741 4807 qum
755 4740 819 4792 lrcst
832 4738 865 4791 ad
880 4744 1033 4790 interrorem
1051 4740 1187 4787 bominem
1207 4751 1263 4802 Jam
1288 4742 1430 4807 pertineat,
1447 4746 1567 4797 nondum
1583 4752 1677 4799 tamen

98 4982 127 5038 ΓΤ
137 4982 800 5054 PRIMUM.-tlicmocxteriorctintsriorquc·
853 4996 919 5036 rum
934 4978 1079 5051 imagines
1093 4976 1190 5035 infixa
1204 4977 1235 5035 in
1250 4981 1401 5051 memoria,
1417 4999 1485 5040 oum
1496 4984 1675 5042 recordando

100 5068 799 5142 nuuc,videamuaubisitquasiquoddembcml·
854 5068 1031 5136 revisuntur,
1047 5082 1093 5123 res
1108 5066 1204 5124 adbuc
1220 5070 1318 5142 agitur
1331 5071 1367 5127 ad
1392 5070 1564 5128 exteriorem
1579 5071 1676 5130 homi·

98 5160 193 5215 eriorie
212 5159 418 5230 interiorisque
449 5159 621 5214 confinium.
651 5158 799 5231 Quidquid
854 5154 1677 5228 nempertiuens.Atqueinbisomnibusuondistamus

98 5249 214 5305 abemus
236 5251 266 5304 in
293 5248 391 5305 enimc
416 5262 572 5303 commune
596 5263 663 5303 cum
687 5264 800 5319 pecore,
855 5260 1001 5319 operere,
1016 5242 1075 5299 nisi
1090 5245 1167 5317 quod
1183 5245 1278 5317 ligura
1290 5246 1420 5318 corporis
1441 5263 1499 5303 non
1514 5248 1609 5321 proni,
1625 5250 1677 5307 sed

98 5337 166 5393 lbuc
180 5338 288 5393 dicitur
309 5336 345 5393 od
361 5333 532 5391 exteriorem
549 5334 697 5391 bominem
713 5336 801 5408 perti·
855 5333 944 5392 erecti
959 5348 1073 5390 sumus.
1089 5333 1153 5400 Qua
1168 5332 1197 5389 in
1212 5350 1244 5390 ra
1258 5334 1453 5391 admonemur
1466 5336 1504 5393 ab
1518 5352 1552 5395 su
1562 5338 1613 5411 qui
1623 5354 1678 5397 nos

99 5441 137 5481 on
150 5426 228 5482 enim
243 5425 338 5483 solum
354 5439 461 5495 corpus
476 5422 563 5478 bomo
578 5424 702 5480 exterior
715 5426 803 5498 depu·
856 5422 933 5493 iecit,
949 5438 986 5480 us
997 5419 1116 5479 meliore
1130 5421 1221 5477 nostri
1237 5426 1330 5495 parte,
1345 5421 1374 5479 id
1388 5423 1554 5495 celerimo,
1565 5424 1678 5484 similes

98 5558 101 5579 ‚
116 5515 168 5571 sed
182 5516 322 5586 adjuncta
336 5512 464 5586 quadem
487 5510 547 5567 vita
570 5528 634 5581 aua,
650 5529 709 5585 que
723 5531 803 5572 com·
856 5511 1010 5587 psoeribus
1024 5512 1130 5579 simus,
1146 5510 1284 5581 aquibus
1293 5513 1424 5583 corporis
1433 5514 1577 5571 erectione
1587 5516 1678 5573 dista·

98 5604 216 5676 torporis
231 5608 259 5661 et
274 5619 376 5660 omnes
390 5616 496 5658 sensus
506 5600 614 5675 vigent,
625 5601 804 5674 quibuslns·
858 5618 936 5662 mus.
951 5600 1015 5657 Non
1030 5602 1063 5655 ut
1075 5597 1105 5653 in
1120 5613 1155 5654 sa
1165 5613 1227 5671 quse
1238 5599 1453 5660 sublimiasuni
1463 5603 1494 5660 in
1506 5604 1679 5678 corporibus

113 5696 158 5755 cst
173 5693 209 5753 ed
224 5692 368 5753 exteriora
382 5688 555 5750 sentienda:
570 5705 695 5764 quorum
708 5709 805 5755 seusu·
859 5690 992 5752 animum
1007 5684 1196 5761 projiciamus
1209 5711 1217 5759 ς
1232 5703 1300 5747 uam
1315 5688 1358 5747 vel
1374 5690 1403 5751 iu
1427 5691 1536 5753 tutibus
1550 5692 1677 5771 quietam
