3908 6128
86 241 146 306 ⁷09
440 240 633 305 conuiuio
655 239 737 303 cult
759 238 957 302 Maximino
978 239 1215 306 antauoaun
1238 242 1441 308 aalscoao.
1731 249 1795 310 *llo

83 376 193 433 cbristl
207 377 269 443 427,
286 375 389 434 scribit
402 374 526 446 Prosper
540 375 570 429 in
586 372 738 430 Chronico.
755 372 828 428 Huic
842 374 954 444 spectat
968 372 1118 430 Sermonis
1133 376 1185 431 th
1199 375 1259 448 (qui
1277 376 1347 433 olim
1367 376 1443 434 inter
1456 377 1678 436 Sirmondianos
1695 382 1739 450 16)
1753 383 1793 439 ti·
1908 384 1917 391 ‘
1938 362 1943 371 ⁸

84 466 168 523 tulus
188 467 218 522 in
234 467 312 522 hone
328 467 448 522 modum
465 481 472 519 ι
491 465 593 519 Caura
607 462 742 536 quoddam
756 462 859 517 dictum
873 461 1020 517 Maximini
1038 462 1207 521 atrianorum
1230 468 1359 538 episcopi,
1384 469 1432 538 qui
1450 483 1512 522 cum
1529 467 1681 540 Sepisuulto
1696 473 1794 530 comite

84 558 250 613 constitutus
265 557 295 610 in
311 553 404 626 sitrico
420 553 699 624 blasphemabatQuo
713 552 743 608 in
753 551 894 608 Sermone
907 549 936 606 id
946 551 983 606 ab
993 552 1395 627 Augustinoreprebaadilur,
1409 557 1485 627 quod
1498 556 1686 626 Maximinus,
1698 559 1792 625 domi·

86 645 184 702 ninam
200 642 376 700 sententiam
391 641 524 710 loannis,
539 658 604 714 eap,
623 643 665 706 10,
679 641 696 710 i
710 640 756 706 30,
772 641 825 710 Epo
853 645 880 696 et
895 642 980 696 Pater
994 657 1081 696 unum
1095 657 1199 709 sumus,
1229 643 1265 698 de
1285 643 1469 700 voluntatum
1495 646 1650 702 eoncordia
1665 649 1794 723 maligne
1899 646 1908 685 ·-'
1932 654 1942 675 ’⁸

86 734 296 808 interpretante,
313 732 509 804 respondebat
523 730 603 803 ipsos
619 730 706 786 etiam
722 728 876 802 Apostolos
891 746 983 785 tanum
997 746 1062 786 essa
1077 747 1144 786 oum
1161 730 1244 787 Patre
1259 733 1384 802 stillio,
1400 733 1470 804 qaia
1484 732 1628 791 voluntati
1643 737 1738 795 Patris
1764 743 1794 797 et
1896 750 1898 755 '
1939 734 1945 801 “,

87 823 151 879 Filii
167 823 379 895 obsequantur.
394 821 442 877 Sic
457 819 506 876 illa
522 818 751 892 blasphematio
768 818 821 875 baa
836 816 1004 885 collatione,
1026 819 1225 892 disputatione
1241 837 1295 877 sua
1310 827 1469 893 postrema,
1485 840 1517 890 11,
1533 825 1578 878 22.
1787 880 1790 885 ,
1941 820 1945 829 “

124 918 165 969 De
178 913 281 969 eadam
297 910 456 968 collatione
480 908 630 966 Possidius
646 907 675 963 ia
691 907 849 980 Augustini
870 906 946 980 Vita,
968 924 1032 981 cap.
1050 909 1106 965 17:
1125 910 1193 965 Cum
1214 913 1336 981 ipsorum
1358 927 1463 983 quoqne
1486 914 1659 970 Arianorum
1671 918 1795 990 episcopa
1922 964 1925 969 .

86 1001 207 1075 quodam
216 1001 370 1058 llocimino
380 1016 443 1055 cnm
455 997 548 1056 Gotbis
563 998 599 1054 ad
610 1001 734 1071 Africam
742 999 955 1071 oenuntempud
968 998 1117 1070 Hipponem
1131 1015 1216 1071 auom
1228 999 1358 1066 plurimis
1370 1001 1525 1057 vaunnam
1539 1007 1619 1076 atque
1632 1007 1796 1076 petentibus,
1883 990 1887 995 ¹
1906 988 1924 1067 ³„
1935 1002 1945 1077 j

85 1098 113 1147 et
127 1090 273 1162 praeclaris
287 1088 455 1161 interpositis
469 1088 537 1142 uiris
551 1086 685 1152 eontulit,·
700 1094 726 1141 et
741 1085 806 1157 quid
819 1087 937 1156 sinputae
951 1087 1090 1143 msuemnt
1102 1093 1205 1157 portes,
1221 1087 1355 1157 scriptum
1367 1096 1415 1143 est.
1433 1089 1498 1156 Qua
1512 1091 1538 1145 si
1551 1091 1669 1149 studiosi
1676 1082 1800 1167 ditiora·¹
1920 1080 1941 1101 ''

87 1187 130 1237 ter
144 1180 233 1251 leuem
245 1180 414 1246 curaverint,
430 1177 531 1249 procul
545 1175 628 1232 dubio
639 1174 820 1247 indagabunt,
837 1175 879 1231 vei
889 1174 955 1246 quid
969 1174 1074 1231 callida
1098 1182 1124 1231 et
1134 1175 1322 1232 irationubilis
1338 1175 1451 1233 baereees
1465 1178 1500 1233 ud
1520 1179 1703 1238 seducendum
1715 1185 1797 1242 etde·
1923 1220 1945 1253 ,.

86 1267 245 1341 eipiendum
257 1268 430 1340 profiteatur,
445 1265 491 1322 uel
505 1265 572 1338 quid
586 1265 706 1322 Ecclesia
720 1266 857 1321 catholico
871 1264 907 1320 de
918 1264 1016 1320 diuina
1031 1272 1121 1320 teneam
1134 1267 1160 1320 et
1172 1265 1305 1336 praedicet
1320 1266 1465 1322 trinitate.
1477 1267 1665 1340 sedquoniam
1680 1273 1729 1328 ilie
1737 1274 1797 1332 bae·
1902 1274 1905 1279 '
1925 1338 1929 1347 Ι

86 1359 204 1414 recticaas
219 1358 256 1414 de
265 1358 390 1430 Hippone
399 1355 509 1413 rediens
523 1354 774 1424 addorttnpinem,
790 1351 1478 1426 desunmultuinsultationetoquacituteoicturem
1488 1355 1555 1413 dese
1569 1360 1633 1430 ipso
1644 1360 1798 1420 Collatione

87 1448 231 1503 recessisse
237 1445 365 1519 jactant,
380 1454 407 1501 et
420 1445 551 1501 mentitus
561 1448 620 1506 est:
631 1459 689 1514 quae
700 1444 794 1515 utique
804 1458 861 1499 non
869 1443 980 1513 imilco
993 1442 1098 1498 diuinae
1108 1443 1177 1512 lepis
1187 1445 1294 1514 nonoris
1309 1445 1470 1500 examinari
1477 1448 1504 1500 et
1513 1445 1662 1514 diiudicari
1668 1453 1797 1520 possent:

87 1533 278 1592 numerabili
291 1537 351 1590 niro
366 1533 517 1605 Augustino
532 1534 670 1605 sequentis
685 1533 815 1604 temporis
829 1533 902 1601 stilo,
918 1537 945 1588 et
966 1530 1047 1589 iilius
1063 1533 1145 1587 totius
1158 1531 1321 1588 Coitatr'onis
1336 1534 1369 1588 de
1382 1534 1500 1604 singuiis
1514 1536 1629 1606 objectis
1644 1545 1669 1595 et
1683 1556 1798 1612 respon·

86 1625 127 1680 sis
144 1625 221 1695 sacto
233 1625 273 1679 est
286 1623 488 1693 recapitulatio,
503 1629 529 1678 et
546 1637 628 1693 quam
642 1621 715 1677 nitil
727 1619 779 1677 itte
794 1620 905 1692 objectis
914 1622 1024 1692 referre
1039 1623 1166 1693 potuerit,
1179 1621 1369 1679 nibilominus
1392 1622 1609 1681 denmastrutum
1629 1636 1680 1696 est,
1695 1630 1798 1687 additis

87 1712 297 1784 supplementis,
312 1726 375 1783 quae
388 1712 416 1766 in
432 1715 557 1779 tempore
585 1710 749 1767 collationis
765 1715 880 1781 nnpusto
892 1719 993 1766 cuncte
1003 1711 1103 1781 inferre
1117 1718 1145 1766 et
1157 1711 1241 1767 soriti
1254 1713 1370 1768 minime
1390 1715 1548 1784 potuerint.
1563 1716 1595 1770 ln
1612 1718 1686 1773 enim
1700 1726 1798 1789 eperat

87 1802 213 1874 mauide
228 1798 360 1870 bominis
376 1808 406 1856 ut
419 1816 470 1856 suo
483 1800 633 1856 amissima
644 1801 833 1870 prosecutione
851 1799 939 1856 multo
956 1797 1119 1868 mnpmsima
1132 1804 1219 1856 totum
1232 1799 1303 1872 quod
1320 1810 1491 1859 remanserat
1512 1803 1569 1859 diei
1581 1807 1702 1876 spatium
1715 1823 1797 1864 occu·
1908 1806 1911 1811 ’
1931 1805 1945 1867 i

88 1899 179 1964 parat.
196 1889 230 1947 ui
245 1889 276 1946 in
286 1889 429 1961 indiculo,
445 1906 509 1962 cap.
525 1890 555 1956 5,
572 1893 748 1959 resonantur,
766 1887 881 1945 Collatia
896 1904 959 1945 cum
973 1888 1092 1946 Monimo
1102 1889 1271 1946 adanorum
1285 1891 1408 1962 episcopo
1426 1909 1433 1947 :
1448 1896 1477 1947 at
1491 1892 1640 1966 continuo,
1657 1895 1698 1951 la
1712 1912 1797 1969 quem
1943 1878 1945 1885 ’

92 1978 261 2052 suprolibri
274 1979 337 2036 duo.
354 1978 409 2035 Ubi
425 1978 578 2035 Possidius
594 1995 611 2033 a
626 1976 785 2035 Collalione
800 1977 931 2049 sejungit
952 1977 1052 2045 libros,
1069 1979 1119 2051 qui
1135 1977 1165 2033 in
1181 1983 1249 2035 ante
1263 1979 1350 2035 editis
1366 1979 1409 2035 sio
1424 1980 1519 2036 eidem
1536 1982 1720 2042 cohaerebant
1733 1985 1800 2043 Col·

91 2067 203 2137 lationi,
220 2072 252 2124 ut
266 2068 327 2124 heo
341 2067 456 2142 primus
471 2067 554 2136 liber,
572 2066 621 2122 alil
636 2067 694 2122 duo
710 2065 777 2121 libri
794 2067 941 2122 secundae
956 2082 990 2122 ao
1004 2066 1109 2122 tertius
1123 2065 1257 2139 inscripti
1275 2066 1460 2139 legerentur:
1477 2085 1535 2140 quo
1551 2086 1647 2128 errore
1658 2074 1801 2131 carebant

88 2162 202 2215 veteres
217 2157 342 2226 aodiaes,
356 2161 420 2213 tum
435 2157 540 2225 nostri,
554 2159 620 2212 tum
635 2154 678 2210 illi
693 2171 766 2227 quos
780 2154 852 2210 vidit
865 2153 944 2211 Beda
957 2171 1010 2212 seu
1025 2154 1147 2224 Florus3
1163 2154 1353 2212 Collationem
1370 2156 1478 2230 quippe
1492 2164 1592 2230 aperte
1607 2161 1798 2236 distinguite

88 2244 176 2304 libris
189 2250 291 2304 contra
304 2246 507 2314 Maximinum,
522 2245 559 2302 ad
575 2249 659 2302 Rom.
675 2261 739 2316 cap.
754 2244 783 2312 8,
798 2242 988 2301 Posterioram
1004 2243 1113 2301 librum
1139 2261 1205 2301 oum
1220 2245 1377 2318 Augustini
1391 2246 1479 2304 laude
1499 2247 1570 2304 citat
1585 2251 1673 2307 etiam
1684 2253 1798 2326 Agatho

90 2336 213 2409 papeia
229 2336 383 2410 synodali,
399 2339 456 2392 aot.
472 2336 499 2391 l.

377 2596 456 2727 S.
500 2595 910 2727 aunam
953 2591 1512 2728 auous‘rlm·

740 2780 975 2843 HIPPONllNSlS
995 2782 1152 2842 llPlSCOPl

132 2907 760 3084 cataneto
813 2911 1071 3082 CUlll
1132 2910 1768 3087 maxianus)

577 3168 930 3258 ARIANORUM
967 3159 1317 3258 EPISCOPOW.

132 3415 158 3472 l.
174 3414 249 3473 llum
263 3414 447 3490 Augustinus
467 3419 495 3473 et
509 3415 685 3473 Memmiana
700 3414 924 3489 Hippone-regio
978 3430 1030 3488 me,
1046 3415 1170 3472 docentes
1193 3414 1367 3473 mondatnet
1380 3417 1679 3490 preceptubominum
1693 3419 1800 3493 (dudd.

93 3520 190 3561 unum
206 3504 238 3561 in
262 3502 359 3559 locum
383 3504 578 3577 coveniseant,
595 3504 786 3577 praesentibus
810 3502 922 3576 multis,
976 3520 1023 3576 xv,
1035 3504 1073 3577 9).

94 3596 159 3650 tam
175 3592 288 3650 clericis
298 3609 387 3666 quam
403 3593 496 3664 laicis,
508 3593 678 3650 Maximinus
691 3592 780 3649 dixit:
793 3593 850 3664 Ego
863 3607 922 3647 non
1011 3594 1039 3647 2.
1060 3594 1245 3649 Amoueamus
1274 3592 1368 3650 dixit:
1385 3592 1416 3649 Si
1431 3594 1466 3649 ad
1481 3593 1538 3650 ista
1562 3594 1662 3651 omnia
1681 3612 1801 3669 respon·
1910 3606 1945 3667 ,·’,;

95 3683 135 3740 ob
148 3682 236 3739 istam
252 3698 372 3739 oausam
381 3682 410 3737 in
422 3683 495 3739 bano
505 3683 652 3740 civitatem
667 3680 779 3752 adveni,
793 3685 825 3738 ut
835 3680 923 3737 alter·
977 3681 1045 3737 dara
1059 3680 1187 3748 voluero,
1202 3681 1232 3735 id
1247 3680 1334 3737 etiam
1346 3697 1399 3754 ago
1416 3697 1501 3754 agere
1510 3683 1639 3752 videbor,
1651 3699 1687 3739 na
1701 3685 1803 3741 venia·
1930 3736 1934 3743 .

96 3773 241 3828 sationem
252 3788 413 3845 proponam
424 3788 490 3827 cum
501 3771 649 3842 Religione
659 3777 773 3839 tua,sed
787 3771 924 3827 missusa
976 3774 1025 3826 tur
1040 3769 1077 3825 ad
1093 3785 1224 3826 oausam.
1240 3770 1365 3826 Proinde
1381 3776 1412 3826 ut
1424 3770 1481 3827 cito
1496 3787 1619 3842 agamus
1641 3773 1720 3846 quod
1740 3773 1802 3832 ins·
1920 3784 1945 3849 ’,ί

96 3860 203 3918 aomita
214 3857 645 3934 sigisvullooantemplatione
658 3861 738 3933 pacis
748 3860 862 3916 adveni.
872 3859 923 3916 lle·
976 3863 1029 3927 tat,
1045 3859 1091 3915 dia
1102 3856 1174 3914 mibi
1191 3858 1278 3915 fldem
1293 3863 1375 3915 tuem
1390 3861 1426 3916 da
1443 3860 1522 3916 Patre
1533 3869 1561 3917 at
1575 3859 1646 3918 Filio
1657 3861 1803 3936 etSpiritu
1899 3866 1904 3873 '
1942 3866 1945 3883 ²

97 3966 165 4008 vera
178 3949 258 4007 anim
270 3949 382 4007 Eraclia
398 3950 566 4024 presbytero
581 3949 695 4006 amicali
711 3949 844 4022 pactione
859 3964 921 4005 me·
977 3953 1089 4005 sancto.

100 4055 164 4096 aum
179 4039 326 4108 tractanti,
342 4055 517 4112 responsum
532 4039 599 4095 dedi
614 4044 648 4096 ut
667 4037 756 4108 valui,
770 4038 809 4095 ita
825 4045 923 4094 tamen
1013 4037 1088 4097 Max.
1099 4037 1267 4111 respondit:
1281 4038 1311 4095 Si
1322 4038 1409 4095 tidem
1416 4055 1512 4095 meam
1523 4039 1712 4115 postulasego
1720 4039 1802 4099 illam
1887 4062 1890 4067 ·

101 4128 134 4186 ab
149 4129 215 4203 ipso
231 4134 424 4202 provocatus;
441 4129 550 4201 quippe
565 4128 595 4185 in
616 4132 731 4185 motum
746 4127 864 4196 exarsit,
889 4130 923 4185 ut
976 4131 1060 4184 teneo
1075 4127 1163 4184 tidem
1178 4144 1242 4200 qua
1265 4126 1408 4184 Arimini¹
1432 4145 1449 4185 a
1471 4130 1608 4186 trecentis
1632 4136 1660 4186 et
1681 4129 1804 4203 triginta
1914 4148 1942 4207 ,χ-

102 4218 186 4275 etiam
208 4220 364 4275 adventum
389 4223 473 4275 tuum
499 4221 602 4274 eontra
625 4234 672 4274 me
693 4220 871 4290 provocaret.
888 4216 923 4273 tlt
976 4217 1131 4290 episeopis,
1149 4234 1206 4274 non
1221 4216 1318 4274 solum
1333 4218 1474 4290 exposita,
1496 4218 1546 4275 sed
1562 4219 1651 4275 stiam
1673 4218 1804 4279 subseri·
1915 4206 1945 4281 ,¹¹

103 4307 168 4378 quia
181 4307 302 4381 dignata
316 4312 361 4364 est
375 4307 487 4382 Religio
501 4310 555 4363 tua
569 4307 625 4364 sibi
640 4307 735 4363 lacera
749 4305 887 4378 injuriam
899 4305 922 4377 ¹,
977 4306 1126 4380 ptionibus
1142 4306 1258 4362 firmata
1272 4310 1327 4362 est.

103 4395 306 4470 siintexrogas,
322 4395 353 4452 in
369 4396 476 4469 quibus
495 4397 576 4453 valeo
597 4411 772 4468 responsum
791 4395 876 4451 dabo.
892 4393 923 4452 si
1011 4396 1039 4452 3.
1054 4397 1127 4451 Auo.
1137 4393 1299 4451 dixit:Jam
1309 4393 1378 4462 dixi,
1391 4398 1420 4450 et
1433 4394 1488 4452 hoc
1503 4395 1601 4467 ipsum
1612 4399 1721 4468 repeto,
1732 4395 1804 4471 quia
1937 4458 1945 4477 ¹

100 4485 209 4560 aliquid
226 4484 422 4543 rationalibile
437 4487 556 4557 dixeris,
568 4501 686 4542 neeesse
700 4488 744 4540 eet
759 4488 791 4541 ut
805 4501 920 4558 sequar.
976 4483 1153 4556 respondere
1164 4482 1283 4540 noluisti
1296 4498 1303 4538 :
1314 4482 1366 4539 Dic
1377 4483 1465 4541 fidem
1481 4487 1563 4540 tuam
1573 4485 1609 4541 da
1620 4485 1704 4542 Patra
1718 4490 1748 4542 et
1759 4485 1803 4542 Fi·
1895 4526 1897 4531 .
1916 4542 1945 4561 1,,

94 4570 127 4630 Si
143 4575 217 4648 quid
231 4575 310 4632 enim
325 4576 361 4633 de
374 4575 481 4633 divinis
496 4574 655 4648 Scripturis
671 4572 921 4647 protuleris,quod
976 4572 1015 4628 lio
1032 4576 1061 4629 et
1074 4571 1184 4644 Spiritu
1201 4575 1313 4628 sanato.
1913 4572 1916 4579 '
1940 4566 1944 4573 '

92 4674 253 4721 commune
268 4669 314 4722 ast
327 4680 393 4723 oum
412 4666 560 4728 omnibus,
576 4678 695 4720 neeesse
714 4666 759 4718 est
773 4665 806 4718 ut
821 4663 922 4719 audia-
1013 4662 1088 4718 Max.
1104 4659 1255 4732 respondit
1266 4677 1273 4716 ε
1285 4660 1357 4717 Cum
1372 4661 1451 4717 enim
1466 4679 1524 4719 non
1539 4662 1694 4720 defecerim
1708 4680 1726 4721 a
1741 4680 1803 4722 res·

82 4761 184 4812 mos:
199 4769 239 4810 aa
253 4769 321 4811 vero
344 4770 506 4827 vocesque
527 4758 608 4810 extra
631 4749 813 4824 Scripturam
842 4755 923 4821 sunt,
977 4750 1128 4825 pensione,
1144 4765 1196 4805 our
1210 4764 1364 4806 aoousora
1383 4753 1433 4806 tua
1456 4750 1612 4824 Religione,
1637 4753 1722 4826 quasi
1737 4768 1802 4810 res·
1912 4744 1915 4749 ’
1939 4742 1945 4783 ³

77 4840 178 4899 nulla
193 4859 263 4900 assu
277 4860 295 4899 a
309 4843 392 4901 nobis
407 4843 769 4916 suscipiunturtproeterea
783 4839 923 4914 cumipse
977 4855 1103 4914 pansum
1119 4854 1175 4894 non
1191 4837 1342 4894 dederim?
1940 4830 1945 4899 ’,

69 4920 241 4990 Dominus
255 4937 374 4990 moneat
393 4949 447 4990 nos
467 4937 497 4990 at
520 4933 607 5001 dicat,
624 4931 690 4988 Sine
716 4945 803 4987 cansa
830 4931 925 4987 colunt
1013 4930 1040 4985 t.
1056 4925 1212 4984 Auadixit
1224 4941 1230 4983 :
1243 4926 1383 5001 Proptera
1396 4927 1490 4987 dixite
1505 4927 1803 5003 responderenoluis·
1919 4948 1945 4985 ·.·

734 5060 868 5098 ΑΒΙΟΙΠΙΟ
884 5061 923 5097 PP.
944 5056 1161 5098 amantcrtttonul.

133 5125 304 5180 Collafionem
318 5142 379 5180 eun
403 5129 547 5180 Maximino
568 5131 595 5178 st
609 5126 691 5178 libros
705 5132 799 5178 eontra
812 5127 901 5191 ipsum
915 5127 984 5178 duos
998 5126 1187 5190 castigavimus
1202 5123 1264 5173 llas.
1279 5122 1386 5175 duobus
1398 5125 1532 5177 Vaticanis
1546 5131 1572 5177 at
1586 5124 1711 5177 undecim
1721 5123 1801 5176 Galli·
1898 5134 1903 5143 “

50 5191 181 5251 canis,
196 5191 353 5252 Sorboaiao,
366 5193 526 5252 Fossatensi,
542 5190 732 5254 llrnulpbenai,
747 5189 916 5250 Michaeliao,
938 5187 1114 5244 Cistereiansi,
1130 5186 1295 5260 Remigiano,
1321 5187 1482 5250 Gorbeiensi,
1504 5189 1676 5239 laudunensi
1690 5187 1802 5252 majoris
1898 5194 1902 5203 '
1934 5200 1945 5239 't

53 5238 377 5315 Ecclesimparisiensl
388 5254 414 5307 S·
431 5255 536 5307 Martini
550 5254 583 5304 de
598 5253 711 5316 Campis,
722 5252 807 5302 altaro
824 5251 964 5303 parisiensi
978 5251 1079 5316 collegii
1089 5250 1324 5310 fflrnardmorum,
1336 5251 1629 5303 atholoaanodomtni
1643 5250 1677 5301 do
1692 5251 1798 5303 Marsa.

173 5351 419 5436 Comparauimus
430 5363 575 5436 pretereo
589 5369 637 5414 eas
652 5368 749 5411 omnes
762 5348 904 5412 editiones
918 5351 1004 5415 rne‘tio
1019 5352 1105 5413 Retr.
1123 5357 1152 5411 et
1165 5346 1315 5424 Cunissa,
1332 5359 1354 5412 t.
1370 5352 1399 5426 l,
1417 5359 1603 5413 memoratos.
1687 5348 1729 5413 bl.

135 5463 913 5538 ¹lnantaeditis,Comiterepismultalnllsaquibuadam,

63 5515 871 5658 “ultisati·lauantemnell·
994 5593 1069 5644 n..
1104 5587 1220 5641 n...

265 5628 273 5645 .
432 5632 440 5657 ,
508 5657 514 5668 Ι
764 5624 771 5640 .
1072 5626 1089 5652 .,
1222 5622 1230 5638 .

135 5689 171 5759 (ο)
181 5691 276 5745 aabtts
288 5705 362 5746 anuo
375 5693 470 5747 chniu
485 5696 533 5746 lat
544 5693 592 5744 sat
604 5691 659 5742 tta.
674 5686 1051 5752 alumnumalumnum
1065 5689 1226 5742 adanorum
1239 5684 1395 5753 epissopam
1411 5687 1479 5743 libat
1491 5690 1605 5757 pdmaa.
