3908 6128
48 240 51 245 ’
154 278 192 341 οι
474 278 989 357 nnurrurarucunnnnnr,
1013 282 1564 348 s.aueusrrn1nrannnnns.
1819 286 1861 347 aa

156 409 262 467 dicat?
277 410 352 484 qued
363 410 683 482 continentiausquead
701 413 910 470 tenuissimum
920 413 977 469 vic·
1034 432 1091 487 qun
1106 415 1266 487 quastione
1282 431 1358 487 sape
1379 413 1529 471 auditores
1543 414 1661 488 erigunt
1675 414 1712 471 ad
1727 430 1861 490 quaeren-

155 502 221 556 tum
237 500 320 573 panis
335 504 363 555 et
386 516 478 573 aque,
495 506 523 557 et
538 518 595 558 ncan
619 502 790 574 quotidiana
805 502 913 573 solum,
930 503 980 560 scd
1032 503 1105 559 dum
1121 519 1128 560 :
1145 504 1196 560 sed
1210 519 1245 560 aa
1260 504 1365 561 docent
1375 502 1526 573 excitatus,
1539 506 1571 560 ut
1585 502 1628 561 vel
1644 503 1773 561 dormire
1784 520 1862 561 wm-

155 589 244 646 etiam
260 593 470 661 percontantes
481 589 578 661 plures
594 591 656 646 dies
669 591 980 664 perpetuatajejunia;
1033 608 1085 665 per
1100 590 1194 649 satius
1210 591 1259 662 sit,
1274 608 1363 664 quam
1380 591 1430 650 illo
1444 592 1530 649 modo
1541 591 1687 665 evigilare.
1699 592 1740 649 De
1752 592 1862 650 lethar-

156 678 233 751 quod
249 677 470 750 castitasusque
481 680 516 735 ad
526 680 653 753 conjugii
666 679 815 753 prolisque
830 685 979 753 contemp·
1032 680 1105 751 gicis
1129 681 1206 737 enim
1233 681 1417 755 phreneticos
1438 681 1550 737 iaciunt
1567 698 1574 738 :
1591 681 1668 737 inter
1682 697 1756 754 quos
1780 698 1859 739 mor·

157 771 231 837 tum,
247 768 323 839 quod
341 767 481 838 patientia
507 784 602 840 usque
616 770 652 825 ad
669 786 771 849 cruces
786 770 981 841 dammasque
1033 770 1169 833 hoscum
1185 770 1224 826 sit
1238 774 1360 843 uterque
1371 770 1544 843 plerumque
1559 769 1803 839 mortiferus,hoc
1817 773 1861 827 ta·

157 856 399 927 neglectas‚quod
414 856 575 914 liberalitas
590 874 684 930 usque
695 859 729 914 ad
743 858 919 930 patrimonia
933 859 980 914 di·
1032 875 1098 915 men
1114 858 1248 928 interest,
1260 860 1337 931 quod
1352 858 1502 931 lethargici
1518 859 1582 916 sine
1597 857 1692 915 aliena
1706 859 1860 917 vexatione

157 943 283 999 atributa
307 946 496 1017 pauperibus,
522 947 600 1018 quod
626 948 753 1019 denique
777 947 866 1004 totius
891 947 981 1018 hujus
1032 947 1858 1021 moriuntur3phreneticusautemmuttissanis¹,eteis

157 1031 260 1087 mundi
277 1034 441 1103 aspernatio
457 1051 551 1107 usque
567 1035 602 1091 ad
618 1036 796 1093 desiderium
818 1035 920 1093 mortis
934 1036 981 1091 in·

157 1121 313 1178 tenditur?
329 1122 414 1179 Pauci
429 1124 490 1180 hac
516 1124 637 1191 iaciunt,
653 1125 806 1197 pauciores
820 1126 894 1182 bene
909 1142 981 1198 pru·

159 1209 320 1283 deuterque
336 1212 468 1268 iaciunt:
484 1214 535 1271 sed
551 1212 651 1287 populi
667 1215 801 1287 probant,
812 1212 913 1286 populi
928 1230 981 1269 au-

142 1297 254 1373 diunt,
279 1299 378 1372 populi
404 1301 511 1369 tavent,
532 1301 661 1375 diligunt
686 1307 832 1376 postremo
856 1301 980 1376 populi:

158 1387 258 1461 populi
271 1404 356 1444 suam
367 1389 609 1457 imbecillitatem,
618 1392 696 1464 quod
705 1390 762 1448 ista
778 1408 836 1449 non
845 1394 980 1463 possunt,

159 1492 212 1533 neo
226 1476 289 1533 sine
302 1482 438 1550 provectu
452 1480 558 1537 mentis
570 1479 600 1535 in
612 1480 776 1549 Deum,neo
786 1479 980 1551 sinequibns·

158 1565 226 1622 dam
251 1565 387 1623 scintillis
411 1569 539 1641 virtutis,
556 1574 704 1626 accusant.
721 1569 779 1626 iloc
804 1568 911 1625 tactum
936 1571 982 1625 est

157 1653 258 1710 divina
272 1655 453 1727 providentia
468 1673 520 1729 per
543 1658 751 1731 prophetarum
766 1657 913 1728 vaticinia,
930 1673 982 1729 per

157 1742 372 1801 humanitatem
387 1746 611 1819 doctrinamque
625 1746 742 1818 Christi,
759 1762 811 1821 per
829 1745 981 1816 Apostolo-

157 1848 224 1889 rum
250 1832 365 1902 itinera,
382 1850 433 1906 per
455 1838 618 1907 martyrum
640 1834 844 1903 contumelias,
868 1850 979 1902 cruces,

157 1920 344 1994 sanguinem,
361 1926 480 1988 mortes,
497 1939 549 1996 per
569 1927 738 1980 sanctorum
766 1922 980 1997 praedicabilem

157 2008 260 2075 vitam,
277 2014 363 2083 atque
387 2010 417 2067 in
433 2009 480 2068 hia
504 2012 648 2069 universis
664 2012 755 2086 digna
778 2012 866 2068 rebus
890 2010 980 2067 tantis

157 2102 245 2170 atque
259 2098 417 2157 virtutibus
433 2118 484 2174 pro
499 2107 666 2174 temporum
692 2101 911 2174 opportunitate
926 2099 980 2155 mi·

157 2187 267 2245 cenula.
281 2189 354 2245 Cum
378 2189 468 2262 igitur
491 2195 606 2247 tantum
621 2189 763 2248 auxilium
790 2190 849 2257 Dei,
864 2191 979 2245 tantum

157 2277 319 2350 proiectum
336 2279 522 2351 fructumque
536 2281 698 2348 videamus,
710 2279 912 2336 dubitabimus
927 2293 981 2334 nos

157 2365 223 2437 ejus
238 2366 371 2423 Ecclesia
390 2368 515 2425 condere
529 2369 651 2442 grermq
673 2384 740 2440 quae
756 2383 846 2439 usqua
861 2368 897 2423 ad
912 2383 981 2423 con·

157 2452 317 2513 tassionem
331 2456 447 2529 generis
471 2457 593 2513 humani
609 2459 645 2515 ab
670 2457 830 2530 apostolica
844 2457 916 2513 Sede
931 2472 982 2528 per

157 2544 361 2602 successiones
384 2546 600 2621 episcoporum,
620 2549 730 2605 trustra
755 2546 900 2603 hereticis
923 2546 980 2601 cir·

159 2632 417 2705 oumlatrantibus,
442 2641 471 2693 et
494 2637 600 2709 partim
625 2636 719 2709 plebis
743 2635 836 2706 ipsius
856 2633 980 2707 J'udicio,

158 2724 268 2796 partim
283 2724 474 2783 conciliorum
489 2727 639 2801 gravitate,
656 2726 762 2800 partim
786 2724 875 2782 etiam
892 2723 981 2779 mira·

158 2812 291 2871 culorum
303 2817 461 2888 ‚majestate
480 2816 638 2887 damnatis,
654 2816 771 2873 culmen
797 2813 982 2872 auctoritatis

158 2902 286 2961 obtinuit
299 2907 307 2941 ¹
321 2905 336 2961 i
348 2904 400 2962 Cui
416 2905 493 2962 nolle
507 2907 619 2980 primas
634 2903 765 2978 dare‚vel
776 2920 899 2961 summa
915 2920 981 2976 pro·

159 2990 234 3050 teoto
248 2992 409 3065 impietatis
419 2998 473 3065 est,
486 2993 530 3050 vel
542 2995 699 3068 precipitis
713 2993 894 3065 arrogantia.
907 2992 980 3048 Nam

160 3079 186 3138 si
200 3080 283 3138 nulla
305 3087 384 3139 certa
407 3084 443 3140 ad
466 3082 642 3156 sapientiam
667 3084 851 3155 salutemque
875 3080 980 3137 animia

159 3169 207 3226 via
220 3174 274 3240 est,
291 3170 347 3229 nisi
362 3188 429 3227 cum
454 3188 504 3229 eos
519 3173 624 3229 rationi
648 3173 777 3244 praecolit
791 3174 884 3238 tides;
909 3169 980 3241 quid

159 3263 206 3317 est
219 3258 299 3316 aliud
323 3259 472 3334 ingratum
487 3277 551 3318 esse
565 3262 613 3333 opi
637 3267 726 3334 atque
740 3260 847 3318 auxilie
870 3260 979 3331 divino,

159 3363 249 3423 quam
264 3353 344 3407 tanto
366 3349 486 3407 labore²
499 3350 643 3423 predicta
658 3349 824 3407 auctoritati
850 3349 921 3407 velle
936 3365 980 3405 rc·

159 3438 288 3496 sistere?
312 3438 395 3495 Etsi
420 3456 604 3513 unaquaeque
629 3438 796 3512 disciplina,
811 3454 981 3512 quanquam

158 3525 226 3583 vilis
240 3527 385 3593 etfacilis,
402 3531 435 3584 ut
448 3529 556 3601 percipi
573 3529 674 3601 possit,
691 3530 838 3585 doctorem
854 3532 905 3584 aut
920 3544 980 3584 ma·

160 3615 286 3690 gistrum
295 3617 418 3690 requirit
429 3642 436 3685 ;
452 3618 522 3691 quid
531 3617 691 3675 temerarie
700 3618 844 3691 superbire
854 3617 980 3689 plenius,

160 3721 251 3781 quam
266 3706 431 3763 divinorum
455 3712 706 3765 sacramentorum
723 3707 824 3779 libros,
839 3710 868 3762 et
886 3707 922 3763 ab
937 3707 983 3762 in·

159 3795 339 3868 terprotibua
365 3797 427 3852 suis
455 3795 532 3853 nolle
555 3812 740 3870 cognoscere,
765 3802 794 3853 et
816 3796 983 3869 incognitos

44 3884 59 3893 “
158 3883 233 3941 velle
248 3884 411 3941 damnare?

195 3972 313 4031 CAPUT
325 3973 423 4031 xv111.
433 4004 469 4015 -
477 3973 523 4030 36.
539 3975 682 4032 conclusio
696 3989 745 4047 per
757 3974 982 4031 exhortationem.

160 4064 273 4121 Persico
289 4063 403 4132 [cletta.
428 4063 634 4132 Quamobrem,
651 4064 676 4121 ai
703 4064 773 4135 quid
788 4068 816 4119 te
839 4062 882 4120 vel
898 4063 982 4132 ratio,

159 4151 207 4211 vel
222 4152 314 4209 oratio
330 4157 429 4209 nostra
450 4151 616 4224 commovit,
632 4152 821 4220 etsiverum,
838 4156 870 4208 ut
885 4152 981 4221 credo,

160 4258 261 4299 euram
276 4242 319 4297 tui
341 4242 438 4314 geris;
464 4241 549 4298 velim
566 4258 613 4299 me
627 4241 740 4312 audias,
756 4246 784 4299 et
810 4241 895 4297 bouis
911 4258 983 4314 pra·

160 4330 328 4404 captoribus
339 4330 487 4388 catholica
498 4330 727 4388 Christianitatis
740 4335 769 4387 ta
778 4330 827 4403 pla
841 4330 908 4400 fide,
921 4329 984 4387 ala·

1032 1037 1221 1109 potissimum
1237 1037 1285 1108 qui
1300 1036 1402 1094 volunt
1426 1037 1593 1102 subvenire,
1610 1038 1786 1094 metuendus
1801 1040 1857 1095 eat.

1031 1129 1105 1196 Nam
1121 1141 1216 1199 nequa
1225 1130 1302 1182 Deus
1316 1124 1385 1181 mali
1396 1131 1564 1193 auctorest,
1576 1141 1630 1182 nec
1645 1142 1776 1198 unquam
1788 1142 1858 1182 eum

1032 1213 1195 1287 quidquam
1208 1213 1312 1271 iecisse
1322 1213 1469 1287 paenituit,
1482 1229 1534 1271 nec
1549 1213 1640 1270 ullius
1650 1214 1858 1271 commotionis

1032 1302 1124 1360 animi
1139 1306 1313 1375 tempestate
1327 1303 1473 1370 turbatur,
1489 1317 1543 1359 nec
1555 1306 1638 1358 tarra
1653 1301 1797 1376 particula
1811 1318 1859 1359 re·

1032 1407 1124 1463 gnum
1140 1392 1205 1463 ejus
1219 1395 1275 1457 est,
1288 1389 1370 1447 nulla
1384 1389 1548 1463 flagitiavel
1564 1389 1676 1447 scelera
1687 1391 1793 1463 probat
1809 1394 1862 1448 aut

1032 1479 1169 1553 imperat,
1186 1495 1337 1552 nunquam
1353 1479 1504 1536 mentitur.
1523 1479 1586 1536 ilaec
1607 1478 1688 1536 enim
1703 1483 1792 1550 atque
1807 1478 1862 1537 bu·

1029 1568 1162 1642 jusmodi
1178 1585 1231 1626 nos
1246 1569 1412 1640 movebant,
1429 1584 1496 1625 cum
1515 1583 1550 1625 aa
1564 1566 1703 1641 magnis¹
1718 1567 1859 1625 invectio·

1032 1658 1120 1715 nibus
1135 1661 1299 1730 quaterent,
1314 1661 1344 1715 et
1363 1657 1439 1713 hano
1463 1673 1528 1714 esse
1542 1655 1654 1713 Veteris
1676 1656 1859 1714 Testamenti

1031 1746 1220 1818 disciplinam
1245 1746 1477 1803 insimularent:
1494 1746 1572 1819 quod
1596 1745 1717 1802 omnino
1733 1743 1860 1802 talsissi·

1032 1850 1115 1893 mum
1131 1840 1185 1891 est.
1202 1836 1304 1908 ltaque
1319 1833 1385 1891 illos
1406 1838 1482 1891 recte
1497 1833 1709 1906 reprehendere
1723 1833 1779 1890 ista
1792 1848 1860 1889 uon·

1032 1924 1113 1981 cedo.
1130 1923 1203 1991 Quid
1219 1939 1286 1995 ergo
1301 1923 1417 1980 didicit
1431 1923 1505 1990 Quid
1530 1927 1628 1994 putas,
1645 1921 1701 1978 nisi
1717 1938 1785 1979 cum
1799 1920 1859 1979 ista

1032 2012 1294 2085 reprehenduntur,
1317 2010 1503 2084 disciplinam
1528 2010 1701 2068 catholicam
1725 2026 1784 2066 nun
1808 2026 1857 2067 ra·

1032 2101 1196 2177 prehendi?
1212 2102 1254 2157 lta
1264 2101 1342 2174 quod
1358 2100 1435 2173 apud
1452 2115 1612 2156 eosvcrum
1628 2098 1798 2167 didiceram,
1812 2103 1855 2155 te·

1032 2206 1087 2247 neo
1102 2207 1109 2247 :
1126 2191 1204 2263 quod
1221 2190 1327 2247 talsum
1345 2193 1525 2260 putaveram,
1541 2204 1658 2261 respuo.
1683 2186 1739 2245 Sed
1754 2190 1785 2243 at
1799 2186 1859 2244 alia

1033 2279 1125 2336 multa
1139 2296 1186 2335 me
1205 2278 1305 2335 docuit
1319 2277 1448 2335 Ecclesia
1469 2275 1625 2346 catholica,
1640 2277 1719 2349 quod
1744 2275 1786 2332 illi
1802 2275 1859 2332 ho-

1033 2367 1128 2424 mines
1144 2383 1306 2440 exsangues
1321 2366 1505 2439 corporibus,
1521 2366 1572 2422 sed
1589 2364 1681 2423 crassi
1696 2363 1859 2435 mentibus,

1033 2456 1163 2529 aspirare
1177 2472 1235 2513 non
1247 2461 1372 2528 possunt
1386 2472 1393 2511 :
1411 2455 1503 2512 Deum
1519 2454 1630 2511 scilicet
1644 2470 1702 2510 nou
1713 2469 1779 2511 asse
1793 2470 1860 2511 cor·

1033 2561 1165 2618 porcum,
1176 2544 1286 2602 nullam
1302 2546 1368 2616 ejus
1384 2549 1496 2617 partem
1505 2542 1654 2616 corporeis
1667 2542 1761 2600 oeulis
1774 2557 1861 2615 posse

1033 2635 1145 2705 sentiri,
1163 2633 1235 2691 nihil
1250 2634 1286 2689 de
1301 2633 1466 2690 substantia
1483 2634 1547 2704 ejus
1562 2637 1650 2705 atque
1673 2637 1778 2689 natura
1798 2629 1860 2689 ullo

1033 2724 1120 2781 modo
1135 2739 1200 2781 esse
1214 2721 1348 2779 violabile
1363 2726 1415 2779 aut
1436 2720 1657 2790 commutabile,
1673 2725 1724 2779 aut
1739 2736 1861 2793 compo·

1033 2812 1155 2880 nieuw,
1181 2816 1232 2868 aut
1246 2812 1371 2877 fletum;
1394 2809 1504 2882 quaesi
1530 2809 1603 2865 mihi
1627 2809 1762 2867 concedis
1785 2808 1857 2882 (non

1032 2901 1111 2958 enim
1128 2900 1212 2958 aliter
1226 2901 1262 2958 de
1273 2901 1331 2957 Deo
1345 2899 1532 2956 sentiendum
1542 2899 1609 2970 ast),
1621 2898 1721 2955 omnia
1735 2897 1856 2955 illorum

1033 2989 1271 3047 machinamenta
1284 2989 1425 3046 subversa
1439 2992 1519 3043 sunt.
1535 2986 1610 3044 Illud
1625 3004 1692 3044 vero
1707 2987 1855 3060 quomodo

1033 3080 1082 3151 sit,
1098 3085 1131 3136 ut
1146 3094 1199 3135 nec
1220 3078 1297 3135 Deus
1313 3077 1424 3134 malum
1450 3075 1584 3150 genuerit
1598 3080 1649 3133 aut
1671 3075 1782 3146 iacent,
1801 3092 1856 3133 neo

1033 3167 1094 3225 ulla
1109 3169 1147 3225 sit
1163 3168 1285 3224 fueritve
1299 3182 1432 3238 unquam
1455 3170 1560 3222 natura
1575 3170 1662 3239 atque
1676 3166 1856 3235 substantia,

1032 3271 1122 3329 quam
1138 3272 1196 3312 non
1213 3257 1289 3313 Deus
1302 3260 1353 3311 aut
1370 3254 1505 3328 genuerit
1518 3259 1570 3310 aut
1583 3254 1693 3323 lecerit,
1708 3258 1737 3311 et
1756 3258 1856 3310 tamen

1033 3361 1051 3401 a
1064 3344 1141 3401 malo
1157 3360 1210 3401 nos
1226 3342 1347 3412 liberet;
1364 3348 1424 3399 tam
1440 3342 1613 3399 necessariis
1628 3341 1791 3399 rationibus
1802 3359 1858 3416 ap·

1032 3435 1183 3507 probatur,
1200 3437 1234 3489 ut
1247 3432 1376 3489 dubitari
1391 3431 1511 3488 omnino
1527 3448 1585 3488 non
1600 3431 1716 3504 possit:
1734 3446 1859 3504 praser-

1033 3522 1087 3579 tim
1109 3522 1175 3592 tibi‚
1196 3526 1285 3594 atque
1311 3520 1442 3589 tatibus;
1466 3521 1490 3576 si
1516 3525 1614 3577 tamen
1640 3519 1718 3577 beno
1741 3520 1860 3593 ingenio

1033 3611 1128 3685 pietas
1143 3613 1171 3666 et
1185 3627 1241 3683 pax
1254 3610 1388 3682 quasdam
1403 3609 1510 3666 mentis
1524 3609 1653 3674 accedat,
1669 3608 1734 3665 sine
1748 3625 1808 3681 qua
1823 3608 1861 3665 de

1032 3699 1123 3757 tantis
1138 3700 1227 3756 rebus
1242 3699 1314 3754 nihil
1339 3714 1460 3771 prorsus
1484 3697 1608 3770 intelligi
1632 3701 1738 3770 potest.
1755 3697 1790 3753 iit
1813 3695 1862 3755 hic

1034 3806 1092 3845 non
1106 3789 1184 3845 tama
1199 3789 1235 3844 de
1256 3788 1337 3844 fumo
1352 3791 1406 3858 est,
1422 3792 1451 3845 et
1474 3786 1572 3845 nescio
1587 3802 1646 3858 qua
1669 3785 1777 3845 tabella
1790 3791 1860 3844 Per·

1034 3878 1107 3945 sica,
1123 3876 1169 3932 cui
1184 3877 1257 3933 satis
1267 3881 1311 3933 est
1324 3892 1425 3932 aurem
1439 3877 1672 3943 accommodare,
1681 3880 1712 3933 at
1725 3877 1860 3933 animum

1033 3982 1092 4024 non
1107 3966 1319 4031 subtilem,sed
1335 3964 1420 4038 plane
1437 3965 1590 4037 puerilem.
1615 3965 1710 4037 Longe
1724 3964 1858 4037 omnino,

1034 4052 1120 4128 longe
1138 4070 1170 4110 se
1184 4053 1278 4122 aliter,
1290 4069 1349 4109 non
1363 4058 1397 4108 ut
1409 4052 1558 4109 Maniobai
1575 4052 1735 4126 desipiunt,
1751 4052 1860 4109 veritas

1034 4141 1132 4199 habet.
1149 4142 1205 4199 Sed
1220 4142 1360 4214 quoniam
1384 4143 1439 4198 iste
1454 4158 1551 4198 sermo
1567 4145 1667 4198 noster
1681 4140 1772 4197 multo
1796 4156 1862 4213 prn-

1034 4231 1123 4288 cessit
1139 4230 1255 4304 longius
1278 4247 1367 4303 quam
1383 4231 1534 4304 putabam,
1550 4231 1599 4287 hic
1623 4230 1711 4286 ilnem
1727 4228 1802 4286 libro
1818 4229 1862 4285 ta·

1034 4319 1148 4375 ciamus
1165 4336 1172 4375 :
1189 4319 1219 4374 in
1237 4335 1295 4392 quo
1311 4319 1480 4376 memineris
1496 4318 1571 4387 volo,
1589 4319 1720 4375 nondum
1736 4335 1784 4376 me
1799 4318 1863 4376 lda-

160 4421 203 4479 ori
228 4436 292 4493 spe,
307 4419 434 4493 simplici
459 4420 601 4477 charitate
625 4420 793 4476 committas
810 4418 983 4493 :Deumque
1035 4406 1161 4465 nicheas
1181 4408 1304 4482 caepisse
1328 4408 1469 4480 retollere,
1482 4413 1512 4464 at
1526 4408 1591 4465 illas
1607 4424 1701 4482 nugas
1728 4408 1862 4465 nondum

160 4510 270 4583 ipsum,
282 4509 368 4581 cujus
380 4509 470 4565 unius
482 4513 511 4566 at
524 4510 654 4565 bonitate
669 4509 736 4564 tacti
753 4524 866 4576 sumus,
878 4513 906 4564 et
918 4510 982 4577 Jus·
1034 4495 1177 4553 inituim
1192 4513 1199 4553 :
1217 4513 1312 4570 neque
1336 4499 1372 4554 de
1386 4498 1450 4571 ipsa
1473 4495 1620 4554 menalion
1639 4513 1781 4569 magnum
1810 4496 1863 4553 ali·

159 4598 226 4655 titia
239 4615 339 4671 poenas
362 4597 483 4661 luimus,
499 4603 528 4655 et
542 4597 695 4655 clamantia
710 4598 880 4665 liberamur,
899 4613 983 4653 orare
1035 4585 1104 4657 quid
1118 4586 1287 4660 eperum&
1304 4587 1355 4643 ted
1379 4586 1507 4643 voluisse
1531 4586 1737 4642 tantummodo
1760 4600 1864 4642 eruere

160 4704 220 4746 non
234 4704 342 4745 cesses,
359 4689 401 4745 [ω
423 4688 476 4744 tibi
492 4703 585 4760 neque
600 4691 744 4760 praeapte
763 4691 793 4743 θι
807 4687 981 4759 disputatio.
1034 4675 1099 4740 tibi,
1115 4675 1139 4731 si
1157 4691 1284 4747 possem,
1301 4675 1404 4731 talsam
1429 4673 1596 4746 opinionem
1618 4675 1656 4730 de
1670 4673 1746 4730 varis
1760 4673 1863 4730 Chris·

160 4775 622 4835 neadoctissimorumhominum
633 4774 981 4841 etverecbristiauorum,
1035 4764 1123 4821 titini!
1140 4763 1285 4820 mahtim
1300 4768 1351 4820 aut
1368 4763 1503 4835 imperim
1523 4763 1609 4820 ¹¹⁰1)ss
1623 4762 1816 4833 inflifflffltssma
1831 4768 1863 4820 θῐ

160 4863 867 4940 nequalibri,nequesereneipsacogitutiones
883 4864 983 4921 deiue·
1034 4851 1146 4925 elilim
1175 4852 1211 4908 “d
1241 4868 1349 4925 magn*
1375 4852 1509 4924 qflaedflffl
1533 4856 1562 4908 θῑ
1587 4852 1686 4909 divine
1709 4850 1860 4909 dimittit·

159 4955 221 5014 rint
229 4955 338 5029 quibus
352 4954 435 5011 tacite
450 4955 528 5027 quod
544 4954 651 5027 quaeris
667 4953 808 5010 invenias.
821 4954 895 5012 Nam
911 4955 982 5011 istos
1034 4943 1129 5011 Qum
1144 4939 1199 4997 ¹¹00
1209 4939 1346 4997 V0¹¹¹¹1²⁰¹¹
1359 4940 1401 4998 1²²
1415 4956 1480 4998 ⁵0⁸⁰
1494 4939 1601 4998 htbesst
1616 4957 1624 4997 ³
1640 4938 1797 5014 P¹⁸⁰²fi⁰¹⁸⁰
1811 4957 1864 4997 ⁸¹²·

157 5045 297 5102 verbosos
312 5049 341 5102 et
356 5042 481 5101 miseros
494 5044 576 5115 (quid
592 5042 670 5099 eninr
691 5041 769 5098 aliud
786 5042 887 5099 mitius
901 5043 982 5100 dixe·
1034 5036 1094 5089 iem
1110 5030 1266 5088 ἃῦῑῐῐὶῡῑῦῡ
1282 5031 1369 5099 f⁸0i02
1377 5046 1426 5088 01⁰
1441 5030 1565 5087 s⁰tt⁸⁸⁸⁶
1579 5028 1609 5085 5¹1
1624 5028 1864 5102 fflwflflpfflmti·

160 5131 252 5205 rimi)
274 5134 392 5206 penitus
415 5132 538 5189 desere:
563 5131 613 5203 qui
636 5131 707 5187 dum
734 5130 823 5186 nimis
848 5135 984 5203 querunt
1033 5119 1092 5177 tior
1106 5120 1157 5193 (⁰)-

161 5221 239 5277 unde
255 5220 294 5278 sit
319 5222 442 5290 malum,
462 5219 535 5277 nihil
559 5218 709 5293 reperiunt
731 5218 788 5277 nisi
811 5218 982 5278 malum.1n

1066 5310 1076 5344 ¹
1093 5308 1166 5368 ton,
1183 5305 1274 5379 mattis
1288 5305 1313 5355 ct
1335 5305 1372 5355 eir
1384 5303 1556 5369 pothonem,
1581 5303 1691 5362 omisso,
1703 5302 1777 5353 aaran
1786 5317 1795 5366 ς
1813 5314 1865 5367 pro

195 5431 307 5505 'Editio
321 5434 365 5506 Er.
378 5435 552 5507 cumattquot
565 5431 795 5493 nranimento
807 5431 923 5484 columen
937 5445 984 5482 aa·
1035 5367 1344 5503 qupgffi'eqpasqgepp
1365 5371 1420 5489 taea,
1435 5428 1546 5494 magnis.

162 5495 421 5548 aestumasset.
1066 5495 1122 5543 ⁸in
1138 5495 1210 5554 itan,
1226 5495 1437 5559 compoatatsam.

192 5558 304 5616 ’Facta
318 5556 417 5609 robore.
1066 5556 1106 5620 (a)
1120 5556 1130 5606 1
1146 5554 1262 5606 Retract.
1289 5567 1347 5621 cap.
1364 5555 1402 5616 tt,
1417 5566 1447 5604 n.
1461 5555 1484 5603 t.
