3908 6128
123 318 161 376 53
404 317 437 378 S.
460 316 676 380 AUGUSTINI
701 317 877 380 heisconl
899 316 1131 379 Tencteros
1153 318 1360 382 ADVERSUS
1381 320 1554 383 JUDAEOS.
1793 322 1833 382 bl

122 466 192 504 eum
209 453 297 521 negat
312 448 342 504 in
357 450 454 506 erneis
475 449 611 507 eornibus
635 455 766 514 taurum.
782 452 831 523 qui
857 451 886 505 in
902 449 952 507 illo
1008 449 1166 504 oramentis
1183 451 1328 506 carnalem
1344 453 1373 507 in
1386 453 1567 525 spiritualem
1579 454 1702 510 mutavit
1718 454 1831 512 unctio-

123 537 258 608 egnoseit
271 535 430 592 maximam
444 537 605 594 vietimam.
623 539 656 594 ln
669 538 720 594 illo
737 539 866 611 requiem
884 555 951 594 eum
1007 553 1085 593 nem.
1099 538 1141 592 lbi
1152 539 1177 593 ei
1191 539 1226 594 de
1238 539 1594 598 Ecclesiedioiturzlstitit
1605 545 1830 615 repinoodeetrts

124 625 303 691 invenimus,
318 641 385 681 vere
399 625 618 683 sabbatizamus
635 644 642 683 :
659 633 688 684 et
711 627 786 684 lunae
803 645 883 684 novae
898 628 950 683 ob·
1005 628 1101 682 lutsin
1116 630 1216 683 vestitu
1231 627 1372 693 denotem,
1388 633 1595 687 circumamicto
1615 635 1757 688 varietate.
1774 633 1830 689 Ubi

124 713 259 781 servatio,
275 715 341 768 vite
357 731 436 770 nova
448 719 492 770 est
506 716 710 773 sanotilioatio.
724 718 757 772 Et
772 717 883 773 Pascha
897 734 950 773 no·
1005 714 1829 793 signilloaturlinguerumvarietaainomnibusgentihus:

124 807 218 856 strum
235 805 245 839 ¹
262 801 398 859 Christus
413 807 475 872 est;
492 809 521 860 et
532 821 633 878 azyma
647 809 782 862 nostrum
797 806 949 863 sinceritas
1003 819 1127 875 quarum
1139 809 1236 861 tamen
1253 806 1482 879 uneetsimplex
1492 808 1562 864 lldes
1573 814 1617 865 est
1627 810 1706 864 intus
1717 826 1724 863 ε
1736 809 1832 866 Omnis

124 890 264 959 veritatis,
281 891 459 948 fermentum
479 909 538 948 non
554 893 665 951 habens
688 895 842 952 vetustatis
859 912 866 950 ι
882 899 911 951 et
925 895 950 950 si
1005 892 1083 947 enim
1092 893 1274 965 pulchritudo
1288 896 1356 968 filiae
1368 897 1441 967 repis
1456 897 1630 953 intrinsecus.
1643 899 1734 964 Quam
1750 897 1831 954 Psal-

123 996 178 1052 que
192 978 252 1035 alia
267 984 349 1046 sunt,
364 980 395 1037 in
411 979 520 1054 quibus
535 998 612 1039 nuno
637 983 788 1041 immorari
804 1001 878 1057 opus
892 1000 951 1040 non
1006 997 1073 1038 mus
1089 981 1250 1055 alloquitur
1264 983 1374 1055 dicens,
1387 985 1580 1056 ludi‚filio‚et
1594 985 1655 1041 vide
1665 1005 1674 1041 .·
1685 986 1753 1042 andi
1764 1004 1830 1059 pro-

122 1072 173 1140 sst,
190 1086 258 1140 qne
273 1068 334 1126 iilis
348 1070 498 1127 veteribus
522 1071 697 1129 adumbrata
710 1078 780 1130 sunt
803 1072 908 1147 signis,
921 1071 952 1128 in
1006 1070 1143 1140 missam,
1163 1071 1229 1128 vide
1255 1073 1447 1146 completum.
1471 1075 1504 1130 Et
1522 1074 1678 1131 obliviscere
1696 1076 1831 1147 populum

120 1157 166 1213 illo
181 1156 297 1214 habent
311 1157 412 1224 finem,
425 1160 511 1231 eujus
528 1160 610 1234 regni
622 1178 681 1218 non
695 1162 751 1219 erit
766 1160 843 1219 linis.
855 1163 886 1218 ln
901 1161 951 1218 illo
1005 1165 1083 1216 tuum
1096 1168 1123 1217 et
1136 1160 1248 1218 domm
1262 1164 1352 1233 putris
1367 1165 1418 1219 tui.
1442 1161 1488 1219 Sio
1504 1179 1578 1220 nova
1603 1162 1772 1235 implentur,
1787 1164 1831 1221 sio

120 1247 228 1320 quippe
242 1246 344 1303 omnia
368 1247 523 1320 oportebat
537 1249 664 1322 impleri,
685 1250 734 1323 qui
748 1251 828 1307 venit
844 1251 951 1324 Legem
1004 1252 1482 1322 veteraeommutantur.Quontam
1489 1253 1646 1326 concupivit
1656 1253 1831 1324 reaspees'em

120 1340 144 1392 et
156 1334 331 1408 Prophetas
352 1352 412 1392 non
437 1336 560 1407 solvere,
578 1339 630 1395 sed
652 1337 777 1412 implere
798 1338 901 1412 (lluttb.
921 1356 951 1408 v,
1004 1338 1224 1410 tuumspeoiem
1239 1356 1326 1412 quam
1342 1341 1409 1398 feeit
1425 1341 1548 1414 ipseper
1562 1340 1830 1411 se,noninvenitin

120 1425 170 1496 ll).
1004 1428 1043 1481 te.
1055 1427 1204 1493 Quomodo
1214 1427 1292 1484 enim
1304 1427 1436 1500 speciosa
1446 1429 1597 1500 essesejus
1606 1426 1830 1500 oeulis,quando

150 1510 268 1570 CAPUT
283 1512 335 1570 Ill.
350 1513 428 1571 -h
456 1513 585 1572 Christus
608 1516 710 1589 leuem
732 1532 787 1574 non
810 1517 952 1574 evacuavit
1004 1530 1069 1571 eree
1081 1515 1141 1572 tuis
1153 1509 1261 1572 ioedata
1271 1516 1473 1589 peeoatis‘lNe
1487 1520 1586 1574 tamen
1599 1533 1681 1590 spem
1692 1522 1774 1573 tuam
1789 1532 1832 1572 ar·

121 1601 267 1674 upumdo,
283 1603 338 1659 ssd
352 1603 491 1676 implendo
505 1606 633 1662 mutavit.
644 1605 756 1663 Halmio
770 1610 891 1664 veterum
904 1622 950 1663 so·
1003 1602 1123 1661 bitrerls
1138 1605 1304 1677 ponendam
1315 1605 1344 1661 in
1356 1605 1485 1674 bomine,
1494 1605 1628 1678 seqnitur
1636 1611 1665 1662 et
1677 1606 1756 1677 dieii,
1764 1607 1832 1676 Quo·

121 1699 322 1748 momentorum
326 1693 645 1765 praedicmial’mlms's.
653 1693 776 1752 Proinde
790 1693 842 1751 illa
852 1701 951 1753 vetera
1002 1693 1080 1748 niam
1095 1695 1380 1765 manumisisset
1398 1697 1551 1752 Deustuus.
1562 1695 1604 1752 Ne
1619 1696 1743 1753 formem
1754 1695 1831 1751 servi

123 1782 200 1855 signa
213 1797 320 1838 rernm
332 1798 392 1839 non
405 1783 555 1840 evaouavit
569 1785 730 1857 arguendo,
740 1785 789 1842 sed
802 1784 950 1858 implendo
1003 1797 1136 1855 spernas,
1146 1782 1526 1862 nepotentleiniirmitatem
1538 1783 1831 1857 excelsiquehnmili-

122 1870 241 1927 mutavit
250 1886 258 1927 :
268 1874 305 1926 ut
320 1870 380 1928 alia
394 1875 566 1946 essentque
577 1875 746 1931 nuntiarent
759 1873 875 1932 venisse
885 1875 949 1948 jam
1002 1873 1093 1926 tatem
1108 1871 1250 1943 derideas,
1265 1873 1372 1946 ipseest
1382 1873 1453 1929 neas
1462 1881 1534 1930 tuae.
1547 1876 1579 1931 ln
1591 1888 1623 1930 eo
1635 1874 1711 1946 quod
1723 1890 1829 1945 parvus

122 1958 277 2029 Christum.
300 1975 392 2034 quam
418 1960 534 2034 luerent
556 1960 607 2017 illa
622 1977 686 2034 quaa
712 1961 951 2035 prenuntiabant
1003 1965 1132 2032 apparet,
1145 1961 1405 2033 magnusletet;in
1417 1963 1523 2019 umbra
1533 1963 1635 2020 mortis
1647 1962 1828 2034 selJ'ustitia,

122 2064 176 2105 esse
198 2052 374 2106 venturum.
400 2048 474 2116 Quid
500 2048 557 2107 sibl
582 2054 681 2107 autem
706 2051 779 2124 vult,
804 2052 882 2125 qnod
907 2051 950 2109 sio
1002 2047 1033 2104 in
1046 2048 1225 2106 contumelia
1235 2050 1329 2108 erneis
1346 2051 1488 2108 Dominus
1498 2050 1597 2124 glorie
1611 2051 1748 2117 Quamvis
1759 2068 1827 2109 eum

119 2141 321 2210 praenotantur
336 2137 459 2211 quidam
473 2137 592 2211 psalmi,
607 2155 680 2212 quoe
695 2143 724 2196 et
738 2140 796 2213 ipsi
811 2140 950 2214 leguntet
1002 2140 1202 2209 persecutores
1227 2143 1343 2209 neeent,
1359 2139 1493 2197 infideles
1508 2145 1624 2215 negent,
1640 2142 1699 2214 ipse
1718 2145 1759 2197 est
1772 2146 1829 2198 Do-

119 2226 225 2282 habont
239 2226 271 2282 in
290 2226 470 2284 Litterarum
485 2228 660 2284 austeritate
675 2233 855 2297 sanctarum,
870 2232 904 2285 ut
918 2229 948 2285 in
1000 2226 1094 2281 minsis
1112 2229 1187 2282 Deus
1207 2234 1268 2283 tuus
1283 2246 1293 2282 .·
1308 2243 1361 2300 ρον
1385 2229 1468 2299 eujus
1491 2245 1597 2301 eorpus
1621 2228 1826 2303 immutantur,

119 2331 214 2372 eorum
231 2313 332 2372 titulis
345 2313 488 2389 seriptum
504 2315 554 2387 sit,
567 2320 621 2373 Pro
634 2317 671 2373 iia
686 2333 746 2389 quae
761 2317 948 2374 immutabun-
1001 2329 1065 2387 que
1080 2318 1168 2371 antea
1184 2331 1234 2387 per
1248 2316 1369 2372 umbras
1385 2316 1600 2390 figurabantur.

119 2408 158 2459 tsr
168 2402 205 2458 ’ἲ
220 2406 325 2460 textam
339 2419 407 2461 vero
423 2404 595 2462 eorumdem
610 2403 794 2478 psalmorum
809 2406 949 2478 predioat
1036 2401 1152 2460 CAPUT
1165 2402 1237 2459 V.-
1248 2404 1276 2460 6.
1285 2403 1370 2460 litato
1384 2405 1492 2461 Psalmi
1501 2407 1668 2476 seeopesimi
1681 2407 1771 2463 octavi
1779 2407 1829 2480 qui

119 2491 264 2548 lhristum
282 2507 290 2547 ν
309 2491 449 2565 nisiquia
464 2508 566 2550 eornm
592 2493 716 2551 mutatio
732 2511 784 2569 per
799 2494 883 2552 illum
899 2496 947 2552 lu·
1001 2491 1034 2548 de
1049 2490 1154 2548 Christi
1166 2494 1294 2564 passione
1316 2495 1437 2566 scriptus
1450 2498 1499 2563 est,
1515 2496 1600 2551 etium
1623 2497 1740 2552 mamito
1752 2510 1827 2568 prae·

118 2584 177 2636 tara
193 2578 341 2654 praedicta
365 2585 419 2650 est,
442 2598 596 2655 perquem
623 2586 745 2656 apparet
767 2583 899 2657 impleta,
915 2587 949 2641 ut
1000 2579 1258 2639 dicitur.Psalmus
1272 2583 1601 2656 quoquesexagesimus
1616 2583 1828 2643 octavushebet

117 2670 240 2745 populns
265 2669 330 2739 Dei,
363 2669 414 2744 qui
437 2687 515 2728 nune
540 2675 585 2729 eet
606 2672 734 2746 populus
757 2672 947 2742 christianus,
1001 2669 1031 2725 ln
1046 2668 1131 2726 titulo
1149 2687 1156 2727 :
1172 2671 1226 2727 Pro
1240 2671 1276 2727 ils
1294 2688 1354 2745 quae
1367 2672 1619 2730 commutabuntur.
1636 2676 1670 2728 nt
1689 2676 1826 2731 oentatnr

114 2760 169 2832 lam
187 2775 250 2816 non
273 2763 399 2833 vogatur
422 2759 577 2817 obseruare
592 2776 656 2832 qnae
680 2761 859 2834 prophetiale
873 2767 945 2819 tem·
1000 2756 1040 2814 ibi
1052 2759 1149 2831 passio
1159 2756 1451 2817 Domininoetrilesu
1463 2759 1823 2834 Christi‚transligorantis

116 2849 238 2921 poribus
263 2848 522 2905 observabantur:
544 2865 603 2906 non
627 2848 697 2923 quia
720 2851 872 2918 damnata,
895 2851 946 2908 sed
1001 2845 1032 2902 ln
1048 2861 1079 2902 se
1095 2846 1237 2919 quasdam
1260 2847 1349 2905 etiam
1364 2864 1448 2905 voees
1474 2848 1684 2918 membrorum,
1701 2848 1756 2905 hoe
1779 2853 1825 2907 est

120 2939 187 3010 quia
201 2941 322 2993 mutata
335 2941 428 3007 sunt;
444 2953 503 2995 non
519 2941 550 2993 nt
566 2954 613 2994 res
627 2937 698 3010 ipse
713 2954 776 3011 quea
799 2939 947 3014 signitica-
1000 2934 1132 2992 fidelium
1144 2952 1276 2994 suorum.
1287 2937 1351 2994 Non
1362 2938 1440 2995 enlm
1451 2937 1514 3010 ipse
1525 2936 1586 2994 ulla
1596 2937 1701 2995 delleta
1708 2937 1822 3011 babuit,

119 3027 225 3083 bantur
239 3023 383 3099 perirent,
400 3025 451 3082 sed
472 3030 506 3083 ut
519 3042 619 3083 rerum
642 3025 729 3100 signa
743 3027 804 3085 suis
827 3044 948 3101 queque
1001 3023 1052 3081 sed
1068 3027 1166 3080 nostra
1182 3025 1306 3097 portavit
1322 3041 1329 3080 ε
1346 3026 1424 3083 unde
1436 3025 1518 3096 dioit,
1532 3027 1567 3083 m
1580 3026 1681 3084 delicto
1694 3044 1755 3084 meo
1769 3036 1825 3085 ote

119 3115 305 3190 temporibus
318 3113 519 3173 eonvenirent.
1000 3129 1055 3169 oon
1070 3121 1135 3168 sunt
1147 3112 1316 3171 absconditu.
1332 3114 1373 3171 lbi
1388 3115 1532 3188 seriptum
1543 3119 1589 3172 est
1602 3120 1630 3172 et
1644 3117 1826 3189 prenuntia-

148 3202 268 3263 GAPU'P
285 3202 334 3261 IV.
348 3204 421 3260 -5.
439 3205 562 3260 t'ltra'stus
572 3204 604 3260 in
617 3203 730 3262 Psalmo
740 3205 948 3278 quadrupesimo
1000 3206 1076 3269 tum,
1097 3202 1175 3275 qnod
1199 3202 1230 3259 in
1254 3203 1408 3278 Evangelio
1432 3203 1558 3277 legimus
1582 3204 1691 3261 laetum
1713 3204 1825 3278 (llotth.

120 3301 211 3368 quarto
224 3294 445 3367 praenuntiatas.
464 3290 597 3366 Denique
611 3292 641 3350 in
657 3292 770 3367 psalmo
786 3296 947 3370 quadrage·
1000 3308 1088 3363 xxvii,
1104 3291 1149 3361 ul,
1162 3291 1207 3365 te)
1219 3308 1226 3348 :
1238 3292 1375 3349 Dederuet
1384 3294 1415 3350 ie
1428 3308 1516 3349 eseam
1527 3309 1618 3350 meum
1625 3293 1676 3366 let,
1693 3302 1719 3350 et
1733 3296 1761 3350 ia
1776 3295 1829 3352 alti

121 3382 191 3439 simo
203 3382 404 3455 quartolnam
419 3381 483 3455 ipse
494 3382 607 3455 primus
616 3386 661 3439 eet
675 3399 775 3439 eorum
784 3384 834 3457 qui
844 3384 948 3457 hujus·

122 3470 197 3527 moffi
213 3471 339 3527 titulum
350 3470 519 3544 praeierunt,
528 3473 582 3527 Pro
596 3472 948 3544 iisquaimmutotuntur:

121 3558 168 3615 ubi
182 3558 273 3616 etiam
289 3557 411 3632 legitur,
426 3561 627 3633 contioumpro
641 3559 750 3633 dilecto)
764 3562 949 3635 apertissime

122 3647 252 3704 cbristus
268 3647 440 3704 ostenditur
455 3664 463 3704 ε
479 3647 623 3721 Spectatus
637 3651 727 3721 {omna
738 3667 798 3723 prae
812 3651 880 3722 tiliis
896 3652 949 3708 to-

123 3739 240 3793 sinam.
260 3737 318 3807 Qui
338 3752 403 3793 cum
418 3738 450 3792 in
472 3740 561 3808 immo
574 3738 624 3795 liei
645 3742 723 3808 esset,
740 3755 795 3795 eoa
817 3743 950 3814 rapinum

122 3826 278 3883 saumas
288 3833 341 3894 est,
352 3840 410 3883 esse
420 3827 538 3898 aquolis
551 3828 614 3884 lieo.
628 3827 671 3884 lbi
684 3828 710 3885 ei
726 3827 843 3902 dieitur,
855 3831 950 3888 domia-

121 3914 320 3988 melodiam
331 3922 413 3980 tuum
421 3915 507 3987 jueta
518 3918 629 3988 semor:
640 3917 716 3988 quod
732 3916 760 3973 in
777 3935 863 3976 earne
874 3927 951 3980 esset

121 4001 295 4060 bominibus
305 4000 952 4081 locuturusl’ergladiumquippeeermoper

121 4091 214 4148 lemur
224 4107 299 4148 earo
310 4089 507 4164 signilloatur:
519 4091 589 4165 qnia
597 4095 774 4165 sernetipsum
784 4096 950 4163 exinanivit,

120 4181 328 4252 [Μανῆ
337 4181 489 4252 occipiens:
500 4180 648 4255 utilleper
658 4180 840 4239 divinitatem
851 4187 951 4256 specio·

119 4287 161 4327 aas
173 4273 274 4343 [ormo
286 4283 352 4342 prae
364 4269 433 4340 filiis
447 4269 600 4340 hominum,
616 4269 704 4326 etiam
715 4270 788 4328 illud
804 4272 885 4331 fleret
900 4291 951 4348 per

119 4358 342 4424 infirmitatem,
357 4358 435 4430 quod
450 4359 486 4415 de
499 4355 549 4416 illo
563 4358 638 4415 alius
660 4359 810 4432 prophete,
829 4363 951 4420 Vidimus

117 4456 220 4518 mm
233 4463 292 4504 non
307 4446 424 4503 habetet
434 4449 654 4520 speeiemmeque
662 4447 951 4514 decorem‚·aedoultus

116 4536 358 4610 quoniamst
367 4535 497 4610 deforma
504 4539 672 4610 positloey'us
682 4537 821 4611 (lautam,
831 4540 948 4612 2).Nem

116 4625 265 4683 lneodem
280 4623 488 4698 psalmo‚quod
498 4642 557 4682 non
568 4629 684 4683 tantum
695 4626 848 4697 bomo,sed
859 4630 948 4687 etiam

117 4720 193 4772 ltens
201 4711 585 4786 sitChrietne,apertiasime
593 4714 837 4788 ostenditur,oum
849 4719 950 4774 sabdi-

116 4809 178 4863 tnr:
188 4803 948 4881 Thronustuusmeusaaasuculamsaeouli‚virpaaequl·

117 4893 299 4962 mffloa’rpn
308 4891 388 4961 repsi
396 4894 448 4948 tui.
462 4891 594 4948 Dilexisti
606 4894 747 4965 mestitiam
757 4899 783 4950 et
797 4894 879 4952 odisti
893 4898 948 4954 iel·

116 4981 708 5057 peitatemrproptereouneittalieaallms
718 4984 948 5043 tuusoleoeesal·

117 5070 948 5147 wizonispraeportioips'bustuis.hhunotionequippe‚que

118 5177 213 5236 μω
229 5157 340 5235 χρίσμα
355 5157 471 5228 dieitur,
487 5158 621 5216 Christus
632 5163 678 5216 est
691 5160 856 5234 appellatus
867 5179 874 5219 :
886 5164 949 5237 ipse

119 5256 162 5308 aaa
173 5250 259 5309 Dens
269 5251 378 5304 nnotns
390 5263 408 5304 a
418 5248 486 5318 llso,
497 5248 548 5321 qui
559 5252 588 5305 et
596 5249 690 5321 ipsam
701 5265 768 5306 oum
779 5252 890 5309 ceteris
900 5269 948 5309 sa·

148 5384 159 5419 ¹
178 5382 234 5433 llio
246 5378 315 5432 editi
325 5377 565 5440 addemnabant,
588 5379 746 5442 immolatus,
761 5383 864 5446 quode
885 5385 949 5435 lies.

124 5449 148 5496 st
157 5443 234 5495 Beda
246 5442 333 5506 rotgo
348 5441 433 5493 abest.

149 5509 161 5545 ¹
173 5506 250 5558 som
262 5505 311 5555 bie
323 5507 352 5556 et
360 5503 440 5563 inire,
490 5504 497 5516 ⁰
509 5503 724 5556 lsamadabuntur.
736 5506 769 5556 m
778 5506 840 5557 hlss.
855 5521 950 5560 omnes

125 5575 149 5619 et
160 5570 237 5620 Beda
249 5566 440 5619 enatantes-h
478 5571 533 5627 ent,
549 5582 605 5632 que
620 5567 834 5619 immutabuntur.

152 5634 208 5682 ‘ln
228 5630 340 5682 duobus
362 5630 424 5680 uns.
447 5633 474 5680 et
488 5629 523 5680 ed
544 5642 618 5680 oram
640 5630 766 5681 editionis
788 5633 861 5695 lm..
876 5635 950 5698 vespa

123 5693 277 5746 dunione
303 5707 315 5745 .·
344 5703 427 5758 quana
451 5690 596 5744 leetionem
624 5694 744 5760 sequitur
772 5696 950 5762 Augustinus,

123 5757 304 5813 hamdene
316 5753 487 5812 lesemdan
501 5753 569 5823 psat
583 5755 624 5808 ll.

1000 3397 1062 3437 meo
1075 3385 1238 3454 potaverunt
1252 3397 1297 3438 me
1314 3385 1398 3438 aceto.
1415 3385 1470 3437 Per
1484 3381 1562 3438 hune
1585 3397 1654 3455 ergo
1670 3383 1828 3440 immutate

1002 3473 1190 3540 suntvetere,
1206 3486 1270 3542 quea
1286 3469 1391 3527 titulus
1406 3470 1514 3527 Psalmi
1531 3471 1703 3544 predixerat
1717 3471 1827 3527 immu·

1002 3558 1100 3614 moda.
1114 3557 1196 3623 Quod
1205 3557 1221 3614 l
1225 3557 1298 3614 ndei
1310 3557 1439 3631 legentes
1449 3563 1478 3615 et
1488 3575 1545 3615 non
1553 3557 1759 3632 intelligentes,
1772 3558 1827 3616 ali·

1003 3647 1075 3719 quid
1091 3664 1122 3704 ee
1137 3646 1233 3704 dieere
1256 3646 1435 3718 existimant,
1451 3663 1518 3703 eum
1534 3647 1689 3720 requirunt
1709 3647 1827 3705 anobis

1003 3736 1149 3809 quomodo
1164 3735 1344 3809 accipiamus
1353 3736 1555 3793 auctoritatem
1567 3736 1651 3808 Legis
1659 3740 1688 3793 et
1698 3736 1825 3810 Prophe-

1002 3828 1110 3895 tarum,
1127 3841 1193 3880 eum
1216 3829 1399 3881 saeramenta
1414 3840 1471 3881 non
1493 3825 1681 3882 observemus
1695 3841 1760 3899 que
1782 3825 1825 3882 ibi

1003 3918 1148 3987 precepta
1161 3917 1241 3971 sunt.
1253 3913 1316 3970 Non
1327 3913 1603 3987 observamue,quie
1617 3918 1729 3970 mutate
1738 3917 1824 3984 sunt;

1004 4005 1118 4058 mutata
1126 4007 1196 4059 sunt
1206 4007 1315 4074 autem,
1327 4003 1376 4075 qui
1386 4004 1528 4059 mumnda
1537 4005 1823 4076 praenuntiatesunt3

1004 4089 1033 4148 'et
1046 4090 1076 4147 in
1093 4107 1160 4148 eum
1171 4091 1330 4158 eredimus,
1339 4093 1424 4165 eujus
1432 4091 1606 4149 revelatione
1617 4096 1732 4149 mutate
1741 4097 1823 4150 sunt.

1003 4179 1066 4239 Non
1078 4196 1146 4253 ergo
1159 4179 1350 4237 observamus
1360 4185 1618 4252 sacramentaque
1632 4181 1672 4236 ibi
1680 4185 1825 4254 precepta

1003 4275 1082 4340 sunt,
1097 4267 1166 4341 qnia
1184 4267 1378 4342 intelligimus
1402 4285 1466 4341 qum
1480 4268 1521 4324 ibi
1536 4267 1675 4340 predicta
1699 4273 1779 4340 eunt,
1795 4272 1825 4325 et

1002 4361 1138 4414 tenemus
1153 4372 1214 4429 que
1225 4356 1265 4412 ibi
1276 4355 1422 4429 promissa
1436 4361 1515 4415 sunt.
1527 4356 1577 4414 Isti
1589 4361 1686 4413 autem
1702 4356 1752 4430 qni
1763 4357 1825 4415 haeo

1003 4445 1087 4502 nohis
1098 4444 1741 4519 objiciunt‚edhuoamarisnntexparentibns
1750 4446 1824 4514 suis,

1002 4534 1053 4607 qni
1070 4535 1213 4590 dederunt
1223 4533 1253 4589 in
1269 4550 1365 4591 eseam
1381 4524 1560 4603 Dominolel‚
1570 4539 1598 4591 et
1608 4535 1703 4591 adhue
1713 4539 1825 4593 veteres

1002 4639 1036 4680 ex
1050 4628 1130 4680 aoeto
1145 4623 1260 4695 quodsi
1274 4623 1434 4696 potandum
1446 4621 1616 4680 obtulerunt
1627 4641 1634 4681 :
1645 4628 1674 4680 et
1688 4624 1752 4681 ideo
1765 4641 1825 4682 non

1002 4711 1180 4785 intelligunt,
1197 4710 1266 4784 quia
1281 4710 1310 4767 in
1323 4713 1365 4768 ets
1380 4709 1605 4785 impleturquod
1616 4713 1828 4785 sequitur,Fiot

1001 4816 1100 4856 measa
1114 4815 1308 4857 eorurncoram
1316 4801 1385 4873 ipsis
1393 4805 1422 4856 tn
1431 4801 1660 4874 mesopotomia
1672 4802 1829 4860 retributio·

1001 4905 1065 4945 nem
1078 4888 1287 4959 etjsoandolum.
1297 4889 1355 4962 Ipsi
1368 4888 1447 4945 enim
1456 4888 1531 4945 lellei
1543 4893 1572 4946 et
1581 4889 1654 4946 aeidl
1666 4889 1733 4946 laeti
1744 4896 1824 4963 sunt,

1002 4978 1102 5035 ielleas
1117 4982 1145 5033 et
1159 4977 1426 5050 aoidasesoaspani
1437 4978 1501 5035 vivo
1516 4977 1710 5036 ministrando
1717 4980 1737 5033 ¹.
1751 4980 1828 5045 Quo·
1904 5046 1910 5051 K

1003 5067 1088 5123 modo
1104 5067 1182 5122 enim
1198 5066 1259 5123 beo
1273 5067 1401 5136 videant,
1418 5067 1453 5122 de
1469 5068 1576 5139 quibus
1590 5067 1631 5123 ibi
1650 5066 1821 5139 predictum

1002 5154 1824 5225 est,Eaeceeoentur⁸oeulieorum‚nevideuntletquomodo

1002 5244 1062 5301 sint
1076 5243 1157 5314 reoli,
1173 5250 1205 5299 ut
1220 5260 1339 5299 sursum
1350 5260 1400 5301 eor
1414 5241 1710 5314 habeant‚dequibus
1726 5241 1827 5314 predi·

1003 5348 1068 5388 enm
1085 5335 1139 5400 est,
1155 5333 1187 5387 Et
1202 5331 1314 5388 dorsum
1335 5347 1430 5388 eorum
1442 5348 1551 5403 semper
1566 5333 1682 5387 incuruo
1693 5333 1705 5384 l
1717 5330 1775 5389 Neo
1790 5331 1825 5388 de

1034 5450 1043 5484 ¹
1062 5448 1127 5506 Vox,
1142 5449 1279 5507 Dominm,
1291 5461 1346 5498 non
1363 5449 1391 5499 ln
1402 5447 1527 5498 omnibus
1536 5446 1674 5497 eodioihus
1685 5448 1825 5512 reperitur.

1002 5511 1048 5561 Est
1062 5510 1133 5572 apud
1150 5511 1228 5571 LXX;
1244 5510 1290 5560 sed
1307 5512 1339 5560 eb
1354 5511 1386 5560 iis
1399 5510 1482 5567 abest,
1500 5509 1577 5559 Deus.

1033 5575 1045 5609 ¹
1060 5574 1102 5622 Sie
1115 5574 1177 5622 Mas.
1193 5573 1262 5622 Editi
1281 5586 1353 5630 vero,
1367 5571 1405 5634 sel
1417 5573 1442 5620 et
1455 5575 1553 5621 acetum
1568 5573 1635 5635 sueti
1653 5580 1720 5631 sunt,
1734 5573 1826 5636 felleus

1003 5643 1028 5684 et
1041 5635 1129 5683 acidus
1142 5637 1206 5700 perti
1220 5650 1275 5683 υιυο
1288 5639 1375 5696 epulus
1391 5633 1570 5683 ministrando.

1034 5698 1133 5758 ⁸Editi,
1150 5697 1343 5748 obscuremur.-
1376 5695 1502 5748 aitsmen
1516 5698 1594 5756 intra.
1610 5711 1669 5761 eap.
1684 5697 1745 5756 min
1759 5710 1823 5748 oon·

1004 5760 1120 5812 cordiam
1137 5760 1281 5812 redeuntes
1295 5771 1357 5810 eum
1397 5773 1432 5811 ss.
1447 5759 1557 5823 habant,
1572 5761 1745 5812 moueantur.
