3908 6128
590 314 810 376 auuoulnlo
832 312 871 375 lu
894 314 1035 376 LIBROS
1057 315 1107 375 Di]
1129 313 1355 377 TRINITATTl.

780 517 858 575 nun
878 517 1010 576 CONTRA
1038 519 1200 590 AltlANOS,

384 625 415 666 ru
433 625 512 666 rosso
528 624 559 665 n.
575 639 610 650 —
625 606 759 679 Epistole
772 623 852 676 ccxx,
868 623 1020 676 ccxxxvru,
1035 625 1166 675 ccxxxix,
1181 625 1351 677 ccxc,ccxa1
1366 613 1395 667 at
1408 627 1510 668 ccxur.

384 697 414 737 ia
432 697 510 737 rouo
525 696 567 737 ur.
580 711 613 724 -
624 680 777 736 Tractatus
793 679 823 735 iu
838 682 923 738 toan.
939 697 1019 750 xviri,
1035 697 1081 750 xx,
1094 698 1188 749 xxxvi,
1206 689 1415 748 xxxv11,aixet
1430 701 1504 740 cxxi.

386 768 417 809 ru
435 769 512 809 rouo
527 769 553 808 v.
565 783 600 796 -
615 752 771 808 Sermones
785 768 931 820 n11,cxvn,
947 767 1045 816 cxvrn,
1061 769 1173 809 cxxxix.
1189 769 1359 822 cxc,ccexa1
1373 759 1402 811 et
1416 771 1579 812 ccccxxxiv.

727 947 1223 1051 ADMOM'HO

712 1108 753 1171 ΙΝ
774 1108 914 1175 LIBROS
935 1111 989 1174 nu
1009 1112 1233 1175 TRlNlTATii.

154 1209 303 1266 Prolixum
317 1209 353 1266 de
366 1208 508 1268 Trinitate
523 1226 598 1284 opus
613 1226 666 1284 per
679 1227 773 1272 annos
786 1231 845 1273 uon
861 1227 969 1287 paucos
982 1210 1012 1267 in
1028 1210 1167 1268 manibus
1182 1208 1286 1267 babuit
1300 1210 1498 1284 Augustinns;
1510 1225 1577 1266 cum
1588 1209 1672 1274 illud,
1681 1209 1789 1283 utlpse
1799 1210 1837 1267 ad

118 1297 269 1355 Aurelium
290 1297 401 1367 scribit,
414 1299 532 1371 juvenis
547 1299 702 1367 inchoarit,
718 1319 806 1360 senex
833 1301 967 1360 ediderit.
989 1300 1101 1373 Quippe
1116 1299 1144 1354 id
1171 1297 1254 1355 lacile
1268 1298 1490 1369 intermittebat,
1507 1298 1622 1372 quoties
1637 1298 1687 1355 alii
1703 1299 1837 1372 cuipiam

117 1387 351 1444 incumbendum
361 1391 424 1444 erat
432 1389 603 1463 operi,quod
615 1387 749 1463 pluribus
761 1392 946 1466 profuturum
954 1388 1141 1446 existimabat
1150 1406 1157 1456 ;
1167 1390 1248 1444 ratus
1258 1389 1337 1444 istud
1351 1387 1502 1460 operosius
1510 1392 1540 1443 et
1549 1387 1649 1444 minus
1659 1386 1731 1444 utile
1743 1401 1837 1460 quam

119 1477 258 1549 pleraque
272 1476 420 1549 alia,quod
437 1495 483 1536 res
495 1479 596 1535 minus
610 1481 790 1537 necessarias
800 1485 830 1536 et
839 1497 856 1537 a
865 1477 1054 1552 paucioribus
1068 1476 1273 1550 intelligendas
1284 1477 1455 1532 contineret.
1466 1481 1548 1532 lianc
1564 1476 1694 1532 laborem
1705 1475 1839 1548 suscepit

118 1560 150 1622 lo
165 1581 267 1623 eorum
283 1565 470 1637 potissimum
486 1569 623 1640 gratiam,
637 1569 688 1641 qui
701 1569 768 1627 tidei
784 1569 987 1626 auctoritatem
1003 1583 1060 1623 uon
1076 1566 1260 1638 recipientes,
1273 1565 1477 1638 mysteriorum
1493 1565 1643 1622 veritatem
1660 1564 1777 1622 ratione
1792 1565 1841 1622 ds·

119 1653 277 1711 monstrari
293 1652 349 1711 sibi
363 1654 509 1712 volebant.
526 1655 599 1713 Cum
613 1657 691 1713 anim
705 1657 735 1713 ln
751 1674 900 1714 sacrarum
917 1672 1014 1713 rerum
1027 1654 1273 1725 meditatione‚cui
1285 1669 1317 1711 se
1328 1652 1455 1710 maxime
1464 1653 1594 1709 deditum
1605 1653 1657 1709 Vir
1670 1659 1797 1711 sanctus
1807 1652 1839 1710 in

8 1784 11 1789 -
118 1742 169 1800 lib.
187 1744 214 1810 t,
230 1759 295 1816 cap.
313 1744 341 1810 3,
357 1745 520 1817 profitetur,
531 1745 616 1817 plura
630 1745 660 1801 io
674 1747 736 1803 dies
751 1750 781 1803 et
796 1747 899 1803 altiora
913 1744 1011 1802 divino
1026 1744 1191 1800 illustratus
1207 1744 1317 1799 lamine
1327 1743 1544 1815 detegeretnon
1561 1743 1727 1814 patiebatur
1738 1743 1839 1800 chari·

118 1835 165 1889 tae
179 1832 288 1904 ipsum,
304 1849 368 1905 que
383 1849 418 1889 ex
433 1834 482 1889 uei
497 1835 574 1890 dono
590 1834 759 1907 accepisset,
775 1835 841 1891 aliis
856 1835 1010 1906 denegare.
1027 1833 1168 1903 Sperabat
1182 1832 1327 1902 siquidem
1341 1835 1412 1899 lore,
1426 1837 1460 1886 ut
1475 1831 1541 1887 aliis
1556 1831 1756 1888 ministrando
1771 1848 1839 1905 que

121 1920 261 1995 legerent,
277 1921 340 1993 ipso
355 1937 472 1994 quoque
487 1923 658 1994 prollcsret;
676 1940 709 1980 ac
723 1924 790 1981 aliis
812 1923 933 1996 cupiens
948 1923 1124 1995 respondere
1140 1921 1347 1992 querentibus,
1363 1919 1451 1976 etiam
1468 1919 1531 1991 ipse
1545 1919 1573 1974 id
1592 1919 1670 1992 quod
1686 1921 1840 1993 querebat

120 2010 272 2067 inueniret.
289 2012 361 2082 Erpa
375 2012 492 2083 suscepi,
507 2011 558 2079 ait,
574 2011 626 2068 lib.
644 2013 669 2079 1,
685 2029 748 2087 cap.
761 2015 790 2086 5,
806 2014 872 2081 bec,
885 2011 999 2086 jubente
1012 2015 1093 2084 etque
1106 2011 1255 2074 adiacente
1269 2011 1382 2066 Domino
1395 2010 1445 2065 lieo
1464 2013 1569 2075 acero,
1585 2024 1640 2064 iren
1655 2011 1712 2064 tam
1725 2012 1840 2080 ennea

120 2114 183 2156 cam
197 2101 364 2155 occwritote
376 2099 519 2165 disserere,
535 2117 617 2172 qaum
628 2117 664 2158 aa
677 2118 741 2159 cam
752 2107 857 2175 pietate
871 2100 1025 2158 disserendo
1040 2115 1209 2169 cccccccccc.
1226 2098 1362 2154 Testatur
1371 2097 1400 2153 in
1418 2097 1494 2154 tertii
1511 2095 1577 2153 libri
1592 2097 1721 2164 exordio,
1732 2098 1839 2156 stilum

8 2232 26 2259 ·,
122 2202 153 2245 ae
169 2187 346 2261 perlibenter
358 2189 449 2244 fuisse
464 2204 705 2262 suppressurum,
721 2191 746 2246 si
763 2208 808 2248 res
828 2190 1029 2262 hujusmodis
1044 2190 1156 2246 Latinis
1170 2187 1371 2243 invenirentur
1385 2186 1545 2259 explicate,
1560 2190 1611 2242 aut
1625 2186 1716 2243 Greci
1733 2188 1787 2259 qui
1800 2189 1839 2245 da

121 2275 161 2334 iis
176 2276 264 2332 rebus
278 2281 453 2345 tractarunt,
471 2281 571 2334 essent
585 2278 675 2335 latine
689 2279 807 2345 redditi,
819 2285 872 2335 aut
883 2277 933 2334 alii
949 2278 1075 2350 denique
1089 2294 1190 2334 curam
1207 2275 1400 2349 respondendi
1426 2275 1639 2347 questionibus
1652 2275 1710 2348 ipsi
1728 2292 1839 2350 propo·

120 2365 196 2434 sitis,
211 2381 291 2436 qaas,
306 2365 359 2432 ait,
369 2381 420 2438 pro
435 2383 553 2439 persono
567 2383 628 2423 mea
641 2384 724 2441 qaum
738 2368 769 2429 to
782 2370 892 2424 seruitio
908 2367 1012 2424 Christi
1024 2382 1097 2439 pero,
1113 2382 1219 2423 necesse
1233 2375 1272 2422 est
1285 2382 1328 2422 nse
1340 2367 1409 2437 poti,
1425 2365 1528 2421 vallent
1541 2367 1689 2430 suscipere.

155 2455 369 2523 Argumentum
393 2470 480 2510 suum
506 2455 660 2527 variasque
676 2456 840 2529 propositas
855 2456 932 2512 circu
946 2455 976 2512 id
992 2456 1180 2529 questiones,
1207 2459 1237 2511 et
1259 2454 1451 2510 difficultates
1476 2453 1531 2510 boc
1545 2454 1647 2510 ordine
1661 2458 1836 2526 pertractat.

118 2541 151 2600 lu
165 2542 240 2598 libro
256 2542 267 2598 l
282 2558 405 2599 summe
418 2542 570 2600 Trinitatis
587 2545 727 2601 unitatem
744 2550 773 2602 ct
787 2545 983 2617 equalitatem
999 2544 1182 2600 demonstrat
1204 2559 1240 2598 ex
1260 2542 1419 2614 scripturis
1436 2560 1443 2598 :
1459 2558 1560 2599 earum
1583 2542 1837 2616 testimoniaque

117 2634 218 2689 contra
233 2631 298 2687 Filii
313 2631 512 2704 equalitatem
527 2648 679 2706 perperam
694 2634 889 2706 objectantur,
906 2634 1053 2707 quomodo
1068 2633 1288 2706 interpretanda
1302 2632 1363 2688 sint
1374 2632 1537 2688 secundum
1552 2632 1730 2691 catholicam
1745 2633 1835 2691 fldem

118 2720 259 2779 ostendit.

14 2796 17 2801 ’
152 2811 188 2868 11.
204 2810 343 2868 Tamdem
353 2809 503 2867 Trinitatis
519 2811 715 2885 equalitatem
727 2812 972 2884 asserit,pr0bans
982 2811 1057 2868 nibil
1067 2811 1254 2883 obstareque
1270 2810 1304 2867 dc
1314 2809 1377 2866 Filii
1389 2811 1530 2867 missione
1540 2827 1574 2868 ao
1584 2811 1714 2883 Spiritus
1724 2813 1831 2886 sancti,

116 2899 210 2971 deque
224 2898 311 2955 variis
327 2898 377 2955 Dei
393 2899 625 2971 apparitionibus
636 2901 774 2955 dicuntur
790 2903 818 2955 in
835 2899 1262 2978 scripturisTrinitatemenim
1275 2904 1365 2956 totam
1378 2899 1407 2955 in
1422 2916 1477 2955 sua
1487 2901 1832 2972 naturaimmutabilcm,

117 2987 307 3052 invisibilem,
323 2988 435 3059 ubique
450 2993 634 3061 presentem,
649 2989 679 3044 in
695 2989 836 3046 missione
850 2990 982 3061 qualibet
996 2989 1040 3045 vel
1057 2989 1245 3062 apparatione
1260 2988 1496 3061 inseparabiliter
1507 2989 1632 3061 operari.

153 3076 203 3131 lli.
220 3075 328 3139 Querit
342 3093 379 3131 an
391 3077 420 3132 iu
438 3077 585 3149 predictis
599 3078 651 3134 Dei
667 3078 901 3150 apparitionibus
916 3095 1054 3151 corporea
1069 3083 1274 3134 tantummodo
1290 3083 1424 3133 creatura
1439 3078 1563 3134 formata
1578 3078 1626 3148 sit,
1639 3078 1668 3133 in
1681 3095 1743 3151 qua
1758 3080 1835 3138 Deua

117 3163 255 3221 humanis
268 3167 471 3221 ostenderetur
484 3165 652 3238 aspectibus
666 3184 672 3234 ;
689 3183 727 3222 an
737 3167 841 3238 Angeli
853 3169 915 3238 jam
932 3172 999 3224 ante
1013 3168 1171 3223 existentes
1187 3168 1227 3223 ita
1241 3168 1302 3223 siut
1316 3165 1411 3230 missi,
1426 3169 1459 3222 ut
1471 3183 1506 3222 cx
1522 3183 1645 3237 persona
1663 3168 1715 3224 Dei
1733 3169 1833 3242 loqua-

117 3258 229 3320 rontur,
245 3252 305 3310 sive
319 3269 372 3326 per
385 3253 566 3327 corporalem
582 3256 708 3327 speciem
728 3256 765 3312 ds
779 3272 901 3329 corpora
914 3261 1048 3314 creatura
1063 3261 1260 3328 assumptam,
1275 3257 1336 3311 sive
1360 3271 1512 3327 persuum
1528 3255 1662 3328 ipsorum
1677 3273 1789 3331 corpus
1803 3259 1831 3316 iu

116 3359 190 3415 quas
205 3341 312 3400 vellent
326 3343 438 3414 species
452 3358 643 3400 conversum:
658 3344 699 3400 ita
714 3349 747 3401 ut
761 3346 827 3420 ipsa
842 3346 892 3402 Dei
907 3346 1037 3402 essentia
1052 3361 1200 3415 nunquam
1219 3361 1270 3416 per
1283 3361 1313 3400 se
1329 3345 1424 3417 ipsam
1438 3345 1501 3401 visa
1518 3344 1617 3401 luerit.

153 3431 197 3489 lV.
216 3437 304 3489 Docet
318 3432 353 3488 sd
369 3433 439 3505 quid
455 3431 564 3490 missus
580 3434 619 3489 sit
633 3433 725 3490 Filius
740 3434 801 3490 Dei.
817 3434 970 3500 Ceterum,
989 3435 1093 3491 Titium
1111 3435 1170 3502 Dei,
1188 3435 1323 3506 quamvis
1339 3434 1480 3491 missione
1494 3435 1590 3491 tactus
1607 3435 1648 3492 sit
1663 3436 1830 3505 misereor

116 3521 181 3578 ideo
194 3538 260 3578 csse
274 3521 417 3579 minorem
434 3521 505 3595 quia
519 3522 600 3579 misit
614 3539 682 3579 eum
692 3522 843 3591 Pater,uec
858 3524 922 3581 ideo
938 3523 1081 3581 minorem
1099 3523 1241 3597 Spiritum
1257 3529 1393 3580 sanctum
1407 3523 1476 3597 quia
1486 3527 1515 3581 et
1528 3523 1613 3581 Pater
1627 3541 1697 3582 eum
1713 3527 1796 3583 misit
1806 3526 1832 3583 al

115 3610 219 3669 Filius.

152 3702 186 3754 V.
200 3698 298 3773 Pergit
312 3699 348 3755 ad
364 3699 520 3756 refellenda
534 3698 738 3757 hereticorum
754 3707 929 3774 argumenta
942 3701 1003 3770 illa,
1014 3719 1077 3776 que
1086 3702 1146 3772 jam
1163 3719 1220 3759 nou
1236 3701 1373 3758 edivinia
1388 3700 1482 3768 libris,
1498 3703 1550 3759 sad
1565 3718 1580 3758 e
1596 3719 1650 3759 suc
1665 3719 1758 3761 sensu
1771 3720 1830 3777 pre

116 3786 277 3845 leruntec
293 3788 421 3861 primum
437 3789 514 3861 quod
527 3789 674 3861 objectant
688 3790 808 3863 gignere
832 3798 861 3847 et
887 3791 977 3865 gigni,
993 3792 1036 3848 rel
1061 3792 1192 3866 genitum
1217 3807 1282 3848 esse
1302 3796 1331 3846 et
1352 3791 1526 3863 ingenitum,
1552 3792 1695 3864 quonism
1722 3794 1831 3850 diversa

117 3881 197 3947 suot,
212 3876 396 3934 substantias
410 3893 476 3934 esse
489 3878 631 3949 diversas,
646 3878 762 3950 refellit,
778 3879 936 3936 ostendens
959 3878 1017 3937 ista
1040 3880 1077 3936 ds
1102 3881 1158 3936 Deo
1184 3895 1242 3936 uon
1272 3879 1434 3935 secuudum
1466 3879 1665 3937 substantiam
1696 3881 1767 3950 dici,
1783 3881 1829 3939 sed

119 3964 249 4021 relative.

153 4051 200 4108 Vl.
218 4053 249 4108 ln
265 4068 315 4109 eos
331 4051 382 4126 qui
396 4057 499 4110 contra
512 4053 577 4110 Filii
592 4054 788 4127 equalitatem
805 4056 957 4129 disputant
971 4073 1005 4114 ex
1019 4073 1052 4113 eo
1067 4057 1144 4130 quod
1158 4055 1291 4112 christus
1305 4056 1341 4112 ab
1357 4057 1496 4128 apostolo
1510 4056 1609 4114 dictus
1623 4057 1663 4114 ait
1678 4059 1731 4116 oe
1745 4059 1832 4117 Virtus

118 4146 145 4200 st
158 4142 210 4198 Dei
222 4143 382 4215 Sapientia,
391 4143 582 4215 questionem
599 4144 746 4215 proponit,
762 4162 859 4202 annon
871 4150 900 4202 et
914 4145 977 4218 ipse
988 4150 1074 4202 Pater
1088 4144 1231 4217 sapientia
1246 4146 1294 4201 sit.
1307 4144 1397 4217 Cujus
1412 4143 1557 4218 tantisper
1572 4144 1663 4204 dilata
1677 4147 1832 4219 solutions,

118 4231 216 4288 adhuc
231 4232 335 4301 probat
350 4232 495 4289 unitatem
510 4236 539 4289 et
554 4231 751 4304 equalitatem
771 4235 875 4301 Patris,
893 4233 968 4302 Titii,
986 4252 1018 4290 ac
1034 4235 1160 4307 Spiritus
1176 4234 1269 4290 sancti
1283 4252 1290 4303 ;
1306 4238 1335 4290 et
1349 4251 1408 4290 non
1423 4234 1515 4291 Deum
1530 4234 1690 4308 triplicem,
1706 4237 1760 4294 sed
1773 4236 1833 4294 Tri·

118 4321 240 4376 nitatem
256 4320 313 4376 dici
329 4327 359 4377 et
369 4321 599 4394 crediopcrtere.
614 4321 688 4378 Tum
704 4322 829 4396 explicat
844 4324 957 4380 dictum
972 4323 1092 4392 Hilarii;
1117 4312 1272 4380 AEteraitos
1295 4325 1326 4380 in
1347 4329 1441 4396 Putre,
1465 4326 1610 4397 spectetis
1624 4325 1759 4398 lmoqine,
1772 4341 1834 4383 esst

118 4413 149 4465 tn
168 4411 288 4466 Neam.

154 4499 190 4554 11.
206 4499 413 4566 Quaestionem,
430 4517 493 4572 que
508 4499 600 4556 dilata
616 4500 721 4567 lucrat,
737 4501 864 4568 resolvit,
881 4503 1024 4576 docetque
1037 4502 1165 4572 Patrem,
1180 4500 1298 4569 Filium,
1314 4504 1342 4557 et
1357 4500 1499 4575 Spiritum
1517 4510 1651 4560 sanctum
1666 4520 1733 4561 esse
1747 4520 1832 4562 unam
1870 4551 1874 4559 .

116 4586 254 4643 virtutem
269 4593 299 4644 et
312 4605 401 4644 unam
417 4589 602 4661 sapientiam,
619 4606 675 4645 non
693 4606 778 4646 secus
793 4596 882 4664 atque
897 4608 990 4648 unum
1004 4591 1097 4648 Deam
1112 4597 1142 4647 et
1156 4606 1245 4646 unam
1262 4591 1432 4647 essentiam.
1453 4590 1560 4656 Querit
1575 4597 1677 4665 postea
1688 4594 1831 4667 quomodo
1852 4612 1874 4646 ι

3 4698 9 4703 -
116 4675 232 4732 dicatur
244 4674 275 4731 in
290 4675 358 4744 Deo,
375 4693 393 4731 a
408 4676 519 4734 Latinis
534 4694 593 4733 una
606 4679 743 4748 essentia,
761 4685 820 4736 tres
837 4696 985 4752 persone:
1001 4697 1018 4737 a
1033 4680 1151 4750 Grecis,
1169 4697 1228 4736 aina
1242 4680 1381 4748 essentia,
1397 4685 1457 4738 tres
1472 4681 1645 4738 substantie
1661 4682 1706 4739 rel
1724 4682 1828 4758 lippos·
1855 4711 1874 4721 -

114 4769 205 4821 tasas.

151 4851 224 4910 v111.
242 4852 366 4910 Ratione
382 4853 472 4910 etiam
486 4854 599 4911 reddita
614 4860 767 4926 monstrat,
783 4874 840 4912 non
856 4857 952 4914 solum
968 4857 1082 4915 Patrem
1095 4857 1166 4913 Filio
1182 4872 1239 4912 non
1255 4871 1320 4912 case
1335 4858 1543 4928 majorem,sed
1560 4875 1614 4916 nec
1629 4859 1733 4918 ambos
1747 4861 1874 4927 simuU

116 4940 227 5014 aliquid
242 4943 342 5013 mqjm
356 4958 420 5000 esse
434 4959 523 5016 quam
534 4943 677 5015 Spiritum
690 4950 838 5015 sanctum,
855 4964 908 5002 nec
923 4945 1071 5019 quoslibet
1082 4946 1157 5001 duos
1172 4943 1261 5000 simul
1276 4943 1305 5000 in
1322 4947 1424 5002 cadem
1441 4946 1584 5004 Trinitate
1600 4950 1700 5018 majus
1722 4946 1874 5021 aliquit

116 5047 205 5104 quam
221 5048 325 5098 ouum,
340 5046 394 5088 neo
409 5048 512 5089 omnes
527 5031 616 5089 simul
632 5037 691 5089 tres
706 5034 803 5104 majus
818 5034 928 5106 aliquid
944 5052 1031 5108 quam
1052 5033 1197 5107 singulos.
1215 5034 1359 5091 admonet
1373 5040 1406 5090 ut
1422 5051 1457 5091 ex
1477 5035 1610 5092 veritatis
1624 5037 1847 5101 intellectione.

115 5137 150 5178 ax
166 5121 269 5177 notitia
282 5120 392 5176 summi
408 5120 488 5190 boni,
499 5125 529 5177 st
543 5138 577 5178 ex
592 5121 682 5178 insitu
697 5138 795 5178 amore
806 5123 942 5195 justitie,
958 5124 1139 5197 intelligatur
1153 5130 1259 5179 natura
1273 5123 1341 5191 Dei,
1366 5127 1529 5195 presertim
1549 5141 1616 5182 vero
1633 5130 1667 5182 ut
1680 5125 1775 5199 ipsius
1788 5141 1839 5181 co-
1856 5142 1874 5169 ⁴

114 5207 208 5281 gnitio
223 5214 372 5281 queratur
386 5224 438 5282 per
451 5209 635 5276 charitatem,
651 5208 680 5264 iu
698 5226 756 5282 qua
770 5215 828 5266 tria
843 5213 977 5284 quedam
992 5210 1070 5266 velut
1084 5211 1238 5266 Trinitatis
1253 5211 1408 5283 vestigium
1425 5211 1522 5269 inesse
1536 5214 1683 5271 observat.

151 5295 197 5353 lx.
213 5297 387 5354 Trinitatem
402 5299 431 5352 in
447 5297 628 5368 bomine,qui
645 5299 741 5371 imago
758 5300 805 5354 lici
822 5306 876 5370 est,
888 5300 1181 5375 quamdaminveniri
1193 5299 1295 5355 docet:
1314 5305 1455 5366 mentem,
1470 5307 1500 5356 et
1514 5303 1649 5359 notitiam
1665 5318 1729 5376 qua
1742 5319 1775 5360 se
1785 5315 1819 5357 no
1838 5315 1874 5345 ⁴

114 5381 166 5452 vit,
182 5388 354 5442 clamorem
369 5402 426 5458 quc
441 5402 472 5443 se
485 5386 678 5459 notitiamque
693 5403 777 5442 suem
793 5388 907 5461 diligit;
922 5394 952 5445 et
966 5387 1028 5444 haec
1043 5388 1098 5444 tria
1113 5404 1177 5445 esso
1191 5387 1268 5444 inter
1283 5404 1314 5444 se
1326 5389 1450 5461 equalis
1462 5394 1492 5445 at
1504 5390 1592 5447 unius
1606 5393 1755 5450 essentie.

149 5468 184 5526 Χ.
208 5471 301 5530 Aliam
326 5475 356 5532 in
377 5476 507 5534 bominis
533 5482 631 5534 mente
650 5476 861 5535 evidentiorem
886 5478 1006 5552 reperiri
1032 5479 1214 5546 trinitatem,
1231 5475 1261 5533 iu
1277 5477 1419 5535 memoria
1432 5477 1554 5549 scillcet,
1571 5480 1780 5556 intelligentia,
1800 5480 1874 5536 a-

111 5555 271 5631 voluntate.

146 5646 194 5711 xl.
211 5647 305 5708 litium
320 5650 351 5709 in
366 5654 500 5714 exteriori
518 5655 636 5715 bomine
649 5653 802 5716 Trinitatis
817 5654 917 5732 aliqua
930 5657 1066 5733 vestigia,
1080 5656 1170 5716 veluti
1184 5654 1215 5713 in
1229 5654 1375 5731 corporali
1389 5656 1510 5731 unicas,
1524 5657 1720 5735 deprehendi.
