3908 6128
68 309 148 375 loos
721 311 838 375 tibuit
858 311 1124 378 obcoecatus
1696 310 1774 378 idid

66 444 891 518 denturaptsomuiaconrenire,siconsbieratatracten-
946 443 1773 521 hncutiqueduosine(intritationodistinguit,licotnon

67 541 134 594 tur:
148 535 204 593 nisi
215 536 292 608 quod
303 535 333 591 in
344 535 482 592 omnibus
492 534 808 592 beatiisetvolatilibus
818 533 893 591 scri·
944 533 986 591 ibi
1001 535 1123 608 explicet
1138 537 1208 609 quid
1225 537 1350 609 intersit,
1365 544 1394 593 et
1410 537 1488 594 uude
1503 538 1597 610 possit
1612 542 1770 611 utrumque

67 630 154 699 ptum
170 630 281 681 estnon
292 640 357 680 esse
370 624 521 681 inventum
534 625 593 680 viro
605 624 785 697 adjutorium
796 620 893 678 simile
945 624 1087 698 dignosci.
1100 630 1207 682 Verum
1218 626 1436 698 Scripturarum
1448 631 1615 683 sanctarum
1626 627 1771 701 multipli-

68 714 123 785 illi,
135 719 243 771 ettunc
253 717 297 770 est
307 713 333 769 ei
346 712 451 769 mulier
462 714 538 769 locta
549 715 585 770 de
600 712 689 769 latare
704 712 781 785 (Gen.
798 729 828 783 11,
844 713 892 766 20-
945 729 1008 770 aem
1024 715 1138 786 copiam
1153 721 1313 781 scrutatus,
1329 716 1445 772 invenio
1462 715 1604 790 scriptum
1616 732 1680 773 esse
1692 717 1722 772 in
1734 717 1769 772 li-

66 803 126 874 22).
138 804 258 875 Propter
268 802 345 875 quod
357 818 410 875 ego
423 819 481 858 uon
503 802 600 875 putavi
622 818 674 875 pro
694 801 892 857 mulieresen·
946 800 997 858 bro
1011 802 1077 872 Job,
1098 804 1200 860 eodem
1224 809 1324 860 sancto
1348 805 1409 860 viro
1425 804 1579 876 loquente:
1598 807 1668 861 Ecce
1681 807 1772 878 pietas

67 910 137 950 aum
153 892 283 965 corporis
297 906 362 948 esse
374 892 553 964 ponendum,
565 908 652 963 quem
663 891 797 946 videmus
809 889 893 945 nobis
945 899 984 946 est
994 893 1147 963 aspisatim
1156 895 1295 948 abstinere
1305 901 1397 949 comm
1407 910 1424 949 ι
1435 895 1516 949 motis
1528 903 1566 951 ιιι
1577 896 1692 950 scicntia
1701 895 1770 968 (iob.

66 986 96 1038 et
120 981 224 1038 bestiis
239 996 305 1037 esse
319 996 504 1036 communem
519 999 525 1049 ;
538 981 589 1036 sed
601 980 711 1052 aliquid
723 979 800 1035 volui
812 978 890 1050 quod
944 996 1043 1046 ιιιιιι,
1057 981 1113 1048 28).
1132 982 1162 1037 ln
1179 981 1234 1037 hac
1248 982 1412 1038 differentia
1435 982 1658 1056 intelligendum
1675 986 1719 1039 est
1733 984 1770 1040 ad

66 1069 400 1128 beatianouhabereot:
412 1085 591 1142 sensumque
602 1068 893 1141 corporismogispro
944 1068 1220 1141 contemplationem
1237 1070 1423 1142 sapientiam,
1450 1072 1487 1127 ad
1512 1071 1656 1128 actionem
1671 1072 1769 1129 scien-

65 1157 894 1231 serpenteintalligendumexistimavi,quilegitursapiem
944 1158 1016 1214 tiam
1039 1158 1191 1228 pertinere.
1219 1159 1357 1215 Pietatem
1382 1159 1492 1232 quippe
1515 1159 1570 1215 hoc
1593 1159 1656 1216 loco
1671 1160 1770 1234 posuit

65 1251 127 1307 tior
140 1248 279 1305 omnibus
293 1246 466 1319 peccoribus
491 1253 573 1304 terra
597 1247 647 1319 (bt.
673 1263 715 1314 ιιι,
742 1246 778 1319 1).
804 1246 834 1301 Ιι
851 1246 893 1303 eis
946 1247 993 1304 Dei
1010 1247 1131 1316 cultum,
1148 1265 1212 1321 qua
1227 1265 1318 1320 graece
1334 1248 1439 1305 dicitur
1456 1243 1601 1311 θεοσὲὸεια.
1625 1250 1699 1305 Nom
1715 1250 1770 1307 boo

66 1339 177 1410 quippe
187 1336 371 1393 naturalibus
382 1335 477 1404 bonis,
487 1333 892 1407 quanobisetirretionabili·
943 1336 1064 1392 verbum
1081 1336 1239 1394 habetista
1258 1337 1403 1394 sententia
1428 1338 1457 1393 in
1483 1338 1632 1395 codicibus
1656 1339 1768 1412 grecis.

65 1428 124 1485 bus
135 1422 893 1491 animantibuevidemusessecommunia,vivacitate
944 1424 980 1481 lit
994 1426 1062 1497 quid
1079 1430 1123 1482 est
1138 1426 1168 1482 iu
1183 1427 1299 1483 aeternis
1312 1425 1501 1483 excellentius
1517 1444 1606 1499 quam
1620 1429 1705 1497 Deus,
1717 1445 1769 1486 cu·

66 1514 197 1588 quadam
208 1530 314 1571 sensus
323 1514 518 1571 excellitznon
531 1513 578 1569 ille
589 1514 624 1569 de
633 1529 690 1584 quo
698 1511 893 1584 scriptumest
940 1515 991 1586 jus
1007 1514 1098 1572 solius
1111 1514 1306 1572 immutabilis
1320 1520 1366 1572 eet
1390 1515 1519 1572 natura?
1542 1517 1575 1571 tet
1589 1517 1655 1588 quis
1670 1516 1769 1576 cultus

64 1602 97 1660 iu
109 1602 240 1676 Epistola
251 1619 314 1676 qua
325 1607 371 1659 est
389 1603 425 1658 ad
437 1603 584 1668 Hebraea,
606 1601 653 1656 ubi
673 1600 892 1674 legitur,pcrte·

63 1699 172 1751 cleram
186 1707 251 1749 esse
265 1690 393 1748 solidum
409 1691 518 1760 cibum,
531 1692 581 1764 qut
589 1706 639 1762 per
648 1690 774 1746 tabitam
786 1688 892 1745 ecerat·

63 1781 430 1841 maurataneae
452 1782 638 1854 separandam
660 1781 761 1837 borum
784 1779 892 1836 amato

63 1871 161 1944 (debr.
178 1887 206 1941 v,
222 1872 287 1942 14);
304 1869 346 1927 illi
361 1871 470 1944 quippe
494 1886 599 1928 sensus
614 1874 725 1926 natura
740 1867 891 1925 rationalis

64 1961 185 2021 suntad
201 1959 425 2033 intelligentiam
440 1959 637 2033 pertinentes:
653 1959 704 2015 aad
720 1959 775 2014 iate
786 1972 891 2014 seusus

64 2049 327 2123 quinquepartitus
343 2048 373 2104 in
388 2064 519 2121 corpore,
541 2063 696 2120 perquem
721 2062 778 2101 uon
795 2045 890 2102 solum

63 2156 83 2197 ι
97 2139 196 2210 nobis,
210 2153 311 2193 rerum
325 2138 413 2194 etiam
429 2155 447 2194 a
469 2137 572 2194 bestiis
597 2134 756 2210 corporalis
780 2134 892 2207 species

65 2232 227 2300 motusque
239 2226 377 2283 sentitur.

101 2315 439 2384 clamarentque
458 2315 518 2386 illo,
541 2313 601 2372 sire
622 2313 717 2386 aliquo
733 2312 790 2371 alio
805 2312 892 2370 modo

65 2406 272 2480 accipiendum
283 2407 332 2475 sit,
343 2405 419 2477 quod
430 2402 588 2477 Apostolus
598 2403 693 2459 virum
705 2402 778 2459 dixit
787 2402 892 2474 imagi·

66 2512 138 2555 nem
163 2500 193 2553 st
219 2494 343 2569 gloriam
372 2494 435 2562 Dei,
463 2494 613 2552 mulierem
643 2498 739 2550 autem
768 2492 891 2565 gloriam

64 2586 123 2643 uiri
139 2586 162 2656 (1
179 2583 239 2641 Cor.
255 2601 295 2651 ιι,
310 2585 358 2654 7);
375 2587 497 2656 apparet
514 2587 612 2639 tamen
636 2599 704 2639 com
728 2582 889 2639 secundum

64 2674 162 2732 Deum
176 2672 314 2742 viriumr,
330 2680 458 2729 mentem
475 2677 605 2728 nostram
618 2671 649 2728 in
659 2669 817 2728 invisibilia
826 2672 892 2741 ejus

64 2762 223 2834 intentam,
240 2779 276 2819 ex
297 2763 361 2833 ejus
386 2761 556 2829 eternitate,
582 2761 711 2829 veritate,
738 2759 891 2825 charitate,

64 2850 253 2927 proficienter
268 2850 372 2906 debere
387 2849 527 2905 formari:
552 2848 693 2921 quiddam
715 2864 782 2904 vero
804 2847 891 2903 ratio-

63 2940 144 2997 nalis
153 2939 326 2996 intentionis
337 2944 456 3008 nostra,
468 2937 523 2993 boe
533 2943 579 2994 est
589 2938 723 3009 ejusdem
735 2937 853 3005 mentis,
861 2936 891 2991 in

63 3044 155 3087 usum
168 3027 358 3085 mutabilium
373 3026 628 3101 corporaliumque
639 3042 749 3094 rerum,
761 3024 824 3082 eine
835 3040 892 3097 quo

62 3118 129 3175 bac
142 3116 205 3173 vita
216 3133 275 3173 uon
290 3115 398 3189 agitur,
412 3115 618 3188 dirigendum
644 3132 702 3171 non
727 3119 760 3170 ut
778 3113 892 3170 contor-

64 3207 201 3264 memor¹
217 3204 287 3261 buia
301 3203 407 3261 eraculo
434 3205 522 3275 (Rom.
548 3220 600 3274 ιιι,
623 3206 664 3273 2),
680 3203 768 3259 tinem
784 3202 892 3258 consti·

63 3295 179 3354 tuendo
193 3294 224 3351 in
239 3294 324 3350 bonis
338 3292 460 3363 talibus,
477 3297 506 3349 at
520 3293 548 3348 in
563 3308 598 3349 ea
613 3292 813 3364 detorquendo
827 3291 893 3347 bea-

64 3383 208 3444 titudinis
221 3382 383 3456 appetitum
398 3399 405 3450 ;
426 3383 477 3438 sed
502 3387 533 3437 ut
553 3380 695 3454 quidquid
711 3381 798 3437 inusu
815 3385 892 3437 tem·

64 3472 214 3549 poralium
238 3470 450 3529 rationabiliter
475 3470 609 3539 iacimus,
635 3475 808 3526 eternorum
831 3469 891 3525 adi·

64 3562 275 3637 piscendorum
304 3559 551 3632 contemplatione
581 3558 733 3628 iaciamus,
764 3575 815 3632 per
835 3557 894 3615 ista

64 3655 266 3718 transeuntes,
282 3648 342 3706 illis
356 3648 542 3706 inhaerentes.

101 3738 221 3797 CAPUT
231 3738 305 3794 ΚΝ.
320 3767 357 3780 -
373 3737 816 3810 Ιιιινιιρίιιιιιιηιιιιὶιιιίιιι
826 3733 894 3809 qaid

65 3828 158 3886 dr'stat.
172 3828 266 3885 Cattae
275 3830 339 3897 Dat,
351 3843 431 3883 amor
440 3830 510 3899 ejas.
524 3826 663 3895 Quoroodo
671 3841 721 3897 per
729 3826 893 3898 sapientiam

65 3920 117 3991 fiat
129 3918 250 3990 aequitio
265 3916 463 3973 intellectualis
487 3931 583 3971 rerem
604 3924 784 3972 [eternorum.
802 3915 894 3970 itabat

66 4007 148 4065 euim
158 4011 189 4061 et
197 4005 320 4062 scientia
332 4005 452 4061 modum
463 4020 551 4060 suurn
562 4003 683 4069 bonum,
694 4005 720 4059 si
732 4005 810 4075 quod
821 4002 850 4059 in
860 4019 894 4060 ea

66 4094 207 4154 inflatvel
217 4094 320 4151 inflare
329 4093 447 4162 assolet,
461 4098 636 4149 eternorum
647 4092 788 4150 charitate
797 4093 894 4149 vinca·

68 4187 128 4255 tur,
140 4200 206 4258 qua
217 4200 274 4240 ιιι
286 4183 378 4253 inflat,
395 4182 456 4250 sed,
478 4185 511 4238 ut
530 4181 641 4237 scimus
660 4181 815 4250 aedificattl
831 4182 892 4239 Gor.

67 4290 132 4348 ιιιι,
146 4274 185 4347 l).
201 4272 270 4331 Sine
282 4272 404 4329 scientia
417 4271 524 4343 quippe
539 4286 592 4327 nec
602 4270 725 4326 virtutes
737 4270 816 4343 ipse,
828 4271 893 4343 qui·

943 1605 1019 1675 ejus,
1035 1603 1092 1660 nisi
1108 1621 1190 1661 amor
1206 1606 1282 1676 ejus,
1303 1621 1362 1677 quo
1377 1620 1456 1661 nunc
1481 1605 1684 1662 desideramus
1698 1622 1767 1663 eum

941 1692 1051 1760 videre,
1065 1693 1272 1765 credimusque
1288 1698 1318 1750 et
1327 1709 1483 1767 speramus
1494 1711 1547 1750 nos
1557 1711 1621 1751 esse
1632 1694 1767 1761 visuros3

942 1785 972 1838 ct
986 1788 1131 1854 quantum
1146 1782 1316 1855 proficimus
1331 1782 1455 1840 videmus
1468 1799 1544 1840 nanc
1561 1800 1613 1856 per
1626 1782 1768 1855 speculam

941 1872 974 1928 ιἰι
987 1872 1144 1944 antemna,
1161 1881 1227 1927 tanc
1240 1876 1333 1928 cutem
1344 1872 1372 1928 in
1384 1871 1644 1929 manifestatione?
1655 1873 1713 1928 lloo
1723 1876 1769 1929 ast

942 1961 1021 2016 enim
1036 1962 1114 2032 quod
1130 1959 1171 2016 ait
1190 1960 1340 2033 apostolus
1366 1960 1486 2029 Paulus,
1511 1963 1584 2033 socie
1606 1961 1642 2017 od
1664 1963 1767 2033 taciem

941 2052 967 2119 (1
980 2049 1039 2106 Cor.
1053 2065 1115 2118 ιιιι,
1136 2049 1177 2118 12)
1190 2067 1197 2106 :
1219 2049 1273 2106 hoc
1288 2049 1377 2107 etiam
1392 2050 1470 2122 quod
1487 2049 1624 2116 loannes,
1639 2050 1765 2107 Dilectis-

941 2137 1018 2205 rimi,
1032 2154 1107 2194 abac
1120 2137 1175 2209 filii
1188 2138 1238 2194 Dei
1251 2154 1357 2207 samar,
1371 2142 1396 2196 at
1418 2139 1541 2196 nondum
1554 2141 1684 2212 apparuit
1698 2137 1765 2209 quid

942 2231 1044 2287 ινιίιιι
1053 2247 1064 2294 .·
1079 2233 1180 2287 samaa
1195 2231 1261 2301 qaia
1275 2220 1339 2288 cum
1352 2233 1524 2304 apparuerit,
1548 2230 1655 2286 similer
1668 2232 1695 2285 ei
1708 2230 1764 2286 cri-

941 2335 1015 2388 mas,
1029 2322 1161 2392 quoniam
1170 2319 1322 2376 videbimus
1330 2335 1392 2387 eam
1400 2319 1484 2375 sicuti
1494 2323 1534 2374 ert
1545 2318 1568 2391 (Ι
1577 2321 1657 2376 tour.
1671 2335 1714 2387 111,
1724 2318 1764 2388 2).

942 2408 984 2465 Da
999 2408 1046 2465 his
1061 2413 1149 2480 atque
1163 2408 1335 2480 hujusmodi
1351 2409 1462 2465 sermo¹
1479 2408 1543 2481 ipse
1564 2407 1637 2464 mibi
1652 2407 1768 2463 videtur

943 2513 1008 2554 esse
1022 2514 1119 2555 sermo
1143 2498 1302 2570 sapientia.
1333 2496 1487 2554 Abstinere
1516 2500 1613 2553 autem
1636 2493 1767 2561 amalis,

942 2602 1030 2656 quam
1044 2586 1101 2642 iob
1115 2585 1268 2644 scientiam
1285 2585 1360 2642 dixit
1369 2601 1444 2654 essa,
1457 2601 1553 2642 rerum
1567 2583 1769 2658 proculdubio

942 2675 1150 2748 temporalium
1174 2678 1228 2730 est.
1252 2674 1397 2740 Quoniam
1418 2674 1582 2731 secundum
1608 2679 1723 2745 tempus
1739 2671 1769 2728 in

942 2764 1030 2821 malis
1043 2780 1158 2832 sumus,
1175 2744 1284 2835 quibus
1299 2762 1447 2819 abstinere
1461 2762 1613 2831 debemus,
1625 2766 1659 2817 ut
1669 2761 1706 2816 ad
1716 2760 1769 2817 illa

942 2852 1020 2909 bona
1034 2856 1144 2908 aterna
1158 2852 1321 2908 veniamus.
1337 2850 1532 2916 Quamobrem
1544 2849 1689 2923 quidquid
1699 2866 1768 2922 pru·

942 2942 1052 3010 denter,
1069 2941 1191 3009 tortiter,
1212 2944 1411 3012 temperanter
1434 2945 1463 2994 et
1481 2940 1563 3011 J'uste
1587 2939 1714 3012 agimus,
1731 2938 1767 2994 ad

942 3046 1008 3088 eam
1024 3031 1150 3103 pertinet
1173 3028 1328 3087 scientiam
1354 3029 1416 3086 sive
1439 3027 1637 3101 disciplinam,
1666 3043 1724 3098 qua
1738 3026 1768 3082 iu

942 3119 1086 3176 evitandis
1110 3117 1195 3175 malis
1219 3117 1363 3190 bonisque
1389 3117 1561 3190 appetendis
1576 3116 1652 3173 actio
1668 3119 1769 3172 nostra

942 3212 1093 3274 versatum
1105 3212 1133 3263 et
1143 3207 1287 3279 quidquid
1299 3210 1419 3279 propter
1428 3204 1562 3279 exempla
1574 3204 1619 3261 vel
1631 3205 1768 3274 cavenda,

941 3296 988 3354 vel
1007 3296 1161 3361 imitanda,
1186 3300 1215 3353 st
1241 3298 1360 3368 propter
1383 3310 1567 3367 quarumque
1591 3309 1769 3366 rerumquae
1864 3338 1867 3345 .

942 3384 1053 3442 uostris
1068 3384 1371 3441 accommodatasunt
1385 3383 1489 3440 usibus
1504 3381 1769 3439 necessariadocu-

943 3478 1053 3543 menta,
1070 3472 1209 3528 historica
1224 3470 1389 3545 cognitione
1404 3470 1581 3544 colligimus.

977 3561 1023 3616 23.
1035 3560 1075 3616 De
1085 3559 1210 3633 biscrgo
1226 3575 1323 3616 sermo
1338 3575 1405 3616 cum
1422 3558 1465 3628 lit,
1481 3576 1548 3615 eum
1563 3557 1692 3615 scientia
1711 3572 1771 3614 ser-

944 3664 1060 3706 monem
1072 3653 1154 3722 puto,
1166 3648 1392 3705 discernendum
1400 3645 1766 3720 asarmonesapientia,ad

943 3754 1032 3811 quam
1044 3736 1189 3810 pertinent
1200 3752 1234 3794 ea
1245 3753 1309 3809 que
1318 3751 1371 3793 nec
1382 3737 1510 3804 luerunt,
1521 3736 1768 3802 nectaturasunt,

943 3829 996 3884 sed
1007 3832 1086 3897 sunt,
1098 3832 1128 3882 et
1138 3829 1256 3898 propter
1266 3840 1330 3881 eam
1342 3825 1534 3882 aeternitatem
1545 3824 1576 3881 iu
1586 3827 1732 3897 quaeunt,
1741 3827 1770 3879 at

944 3916 1036 3973 tuisse
1045 3921 1075 3971 et
1084 3930 1149 3972 esse
1159 3920 1188 3971 et
1199 3914 1299 3971 lutura
1309 3931 1374 3971 esse
1384 3913 1534 3981 dicuntur,
1549 3913 1612 3970 eine
1627 3912 1688 3969 ulla
1703 3928 1769 3968 mu·

945 4004 1088 4062 tabilitate
1104 4010 1281 4076 temporum.
1299 4002 1361 4060 Nou
1377 4004 1456 4059 enim
1471 4003 1514 4059 sic
1529 4001 1647 4058 luerunt
1661 4006 1769 4057 utcsse

945 4094 1123 4163 desinerent,
1135 4097 1186 4149 aut
1194 4091 1236 4148 sic
1247 4091 1347 4147 lutura
1357 4094 1427 4147 sunt
1437 4092 1522 4161 quasi
1532 4106 1610 4146 nunc
1621 4105 1678 4145 uon
1690 4089 1768 4146 sint:

944 4178 1769 4255 sedidipsumessasemperbabuerunt,semparbabitura

945 4265 1767 4340 sunt.Manentautem‚nontanquaminspatiislocorum

68 4364 126 4423 bus
135 4365 214 4420 recte
223 4363 340 4429 vivitur,
352 4364 477 4434 possunt
487 4359 599 4425 haberi,
613 4375 664 4432 per
679 4375 752 4432 quas
764 4358 826 4416 hec
836 4361 895 4416 vita
945 4361 1003 4417 fixa
1013 4359 1100 4416 veluti
1111 4374 1233 4430 corpora
1245 4373 1253 4412 ι
1267 4358 1317 4413 scd
1330 4357 1359 4411 in
1371 4353 1656 4427 natureincorporali
1672 4353 1714 4410 sic
1724 4352 1768 4409 in·

70 4452 181 4509 misera
194 4452 237 4508 sic
252 4451 442 4523 gubernetur,
460 4454 492 4504 ut
505 4449 540 4504 ad
556 4447 639 4503 illam
655 4464 720 4520 qua
733 4464 800 4505 vera
810 4449 895 4505 beata
945 4447 1110 4521 telligibilia
1120 4451 1226 4519 praesto
1241 4449 1311 4502 sunt
1321 4445 1428 4501 mentis
1440 4444 1618 4517 aspectibus,
1630 4443 1771 4500 sicutista

70 4544 127 4609 est,
143 4539 331 4613 perveniatur
345 4542 494 4594 aternam.
946 4539 977 4595 in
989 4534 1248 4595 locisvisibiliavel
1257 4533 1614 4606 contrectabiliacorporis
1622 4532 1770 4589 sensibus.

104 4632 154 4686 22.
169 4628 263 4686 Distat
277 4633 375 4684 tumen
390 4627 427 4682 ab
451 4631 626 4682 eternorum
651 4622 895 4697 contemplatione
945 4628 1114 4684 Nonautem
1126 4623 1222 4681 solum
1234 4638 1332 4678 rerum
1343 4622 1530 4679 sensibilium
1541 4625 1572 4678 iu
1583 4621 1655 4679 locis
1664 4621 1792 4694 posita-¹

72 4718 148 4777 actio
164 4733 223 4791 qua
238 4717 312 4773 bene
327 4715 441 4771 utimur
454 4713 666 4786 temporalibus
690 4713 787 4780 rebus,
804 4719 833 4770 et
846 4713 896 4770 illa
947 4710 1771 4785 rumsinespatiislocalibusmanentintelligibileaincor·

72 4806 234 4882 sapientia,
250 4804 311 4863 hac
326 4803 453 4861 scientiae
475 4804 641 4874 deputatur.
667 4801 804 4867 Quamvis
816 4803 895 4859 enim
947 4800 1480 4878 poralesquerationeszvarumetiam
1489 4799 1769 4856 motionumintem·

72 4894 233 4968 ctlllaqua
244 4893 388 4966 sapientia
399 4897 453 4962 est,
469 4892 563 4964 possit
580 4891 702 4949 scientia
720 4892 895 4964 nuncupari,
948 4892 1069 4968 poribus
1081 4889 1296 4947 transeuntium
1307 4887 1535 4961 sinetamporali
1548 4888 1674 4944 transitu
1690 4889 1770 4942 stant

72 4985 153 5043 sicut
164 4982 361 5057 etApostolus
376 4982 513 5054 loquitur,
530 4981 581 5036 ubi
605 4981 685 5050 dicit,
701 4981 779 5037 aaa:
791 4982 847 5037 scio
861 4996 897 5037 cc
947 4982 1037 5041 etiam
1049 4982 1119 5054 ipsa
1134 4979 1236 5051 utique
1251 4976 1460 5050 intelligibiles,
1475 4994 1533 5034 nou
1547 4974 1710 5034 sensibiles.
1726 4973 1770 5029 Ad

70 5078 162 5148 perte,
178 5078 246 5129 tunc
265 5075 357 5128 eatam
380 5085 538 5143 evanescam
551 5070 622 5126 sicat
647 5078 673 5127 ct
698 5071 823 5140 connitur
835 5086 898 5125 ram
948 5088 1023 5145 quas
1034 5068 1140 5126 mentis
1152 5067 1213 5125 acie
1224 5065 1373 5140 pervenire
1396 5081 1556 5138 paucorum
1581 5068 1642 5131 est;
1659 5066 1770 5118 etcum

70 5162 122 5235 (td.
140 5178 204 5231 ιιιι,
221 5161 286 5233 12);
302 5175 391 5232 quam
405 5158 557 5216 scientiam
574 5160 702 5231 protecto
717 5157 897 5231 contempla·
948 5158 1124 5234 pervcnitur,
1137 5160 1280 5229 quantum
1297 5154 1358 5211 fleri
1376 5158 1483 5226 potest,
1501 5169 1557 5209 non
1573 5151 1602 5208 in
1618 5150 1661 5207 eis
1672 5154 1771 5207 manet

71 5251 163 5309 tionis
190 5250 241 5307 Dei
269 5249 333 5305 vult
360 5247 496 5319 intelligi,
534 5248 610 5319 quod
650 5251 818 5303 sanctorum
844 5248 900 5304 erit
949 5240 1772 5322 ipseperventor‚sedvelutiacie¹ipsareverberatare·

72 5338 228 5414 premium
251 5353 422 5393 summum:
452 5340 552 5391 tamen
582 5336 631 5390 ubi
660 5334 741 5402 dicit,
763 5335 898 5410 Atiiqai·
950 5325 1773 5410 pellitur,otfitreinontransitoriaetransitoriacogita·

72 5427 233 5486 demdatar
246 5442 296 5499 per
315 5425 450 5497 Spiritum
463 5440 551 5481 mmo
569 5425 900 5497 reparamentum
950 5428 1002 5484 tio.
1019 5425 1087 5489 Qua
1101 5429 1199 5480 tamen
1216 5419 1351 5493 cogitatio
1369 5416 1516 5472 transiens
1537 5414 1774 5488 perdisciplinas
1807 5446 1818 5473 ι

72 5515 363 5576 metamaucum
382 5513 507 5571 eumdem
532 5512 668 5586 Spiritum
695 5513 757 5580 tlt,
785 5530 835 5584 ιιι,
851 5514 899 5584 8);

984 5551 992 5586 ¹
1008 5549 1119 5600 Codices
1132 5546 1251 5610 quidam,
1266 5542 1304 5591 De
1326 5540 1366 5590 bie
1388 5541 1466 5602 atquc
1488 5538 1636 5603 hujusmodi
1650 5536 1775 5590 sermoni·

953 5612 1009 5663 dus.

10 5658 14 5703 '¹
107 5680 118 5717 ¹
135 5676 229 5728 Plures
242 5675 317 5739 llas,
328 5676 511 5741 contemnar.
985 5673 1100 5724 *Plures
1114 5672 1185 5731 tiss,
1201 5668 1276 5718 actm.

10 5714 16 5795 l
