3908 6128
190 307 247 368 lli
522 304 679 367 CONTRA
703 306 976 369 tortuosarum
998 305 1264 378 llleltiHAEUltl,
1288 306 1321 365 S.
1344 301 1561 367 AUGUSTlNl
1836 304 1898 368 {12

190 436 309 512 ingenie
323 437 395 493 bene
408 435 485 493 novi.
500 435 530 494 Si
545 436 619 492 mibi
635 453 715 495 nuno
728 453 779 494 vos
793 437 1017 510 qualiscumque
1072 435 1173 493 mittes
1184 435 1233 509 (a).
1245 436 1336 492 Video
1347 434 1474 493 maxime
1484 432 1646 508 exspectari
1660 433 1716 492 boc
1731 433 1805 503 loco,
1821 452 1899 509 quo-

190 525 1017 597 hominismentemrationemqueconceditis,multocer-
1071 523 1901 597 modoetiamcatholicasScripturaseltanicbreisacon·

189 617 266 676 tiore
277 618 356 685 sont,
369 630 460 687 quam
471 630 536 688 quas
546 615 588 671 ibi
597 615 642 672 vel
652 615 824 672 videbamur
838 615 959 685 discere,
970 612 1015 672 vel
1071 618 1151 671 satas
1161 612 1205 670 vel
1214 617 1285 670 tunc
1295 613 1491 679 ostenderem,
1504 611 1899 686 si,utdioo,oautusessem;

191 705 287 779 magis
297 704 414 761 credere
425 705 613 777 cogebamur.
623 704 700 761 Deus
711 720 828 779 magne,
838 710 913 762 Deus
924 704 1017 761 omui·
1069 701 1114 758 vel
1126 718 1203 759 nuno
1217 701 1333 759 defendi
1344 717 1430 774 posse
1440 701 1650 758 demonstrem.
1662 701 1719 761 Sed
1729 703 1760 759 iu
1772 701 1840 760 aliis
1851 719 1900 762 vo·

190 797 305 870 potens,
321 798 397 850 Deus
410 809 535 850 summae
545 792 698 862 bonitatis,
715 810 801 865 quem
817 793 1016 851 inviolabilem
1070 790 1235 848 luminibus
1244 791 1323 848 Deus
1333 789 1485 864 adjuvabit
1495 790 1679 863 propositum
1695 807 1794 849 meum
1805 808 1813 861 ;
1826 809 1898 850 nam

173 887 278 956 ¹atque
288 881 559 940 iucommutabilem
570 882 649 938 credi
666 886 754 954 atque
767 881 890 956 intelligi
905 883 950 940 las
960 887 1015 954 eat,
1069 879 1160 952 hujus
1171 880 1246 951 jum,
1262 884 1404 951 quantum
1418 879 1555 948 arbitror,
1567 879 1734 937 moderata¹
1745 879 1826 955 parci
1837 880 1897 938 sibi

189 971 280 1030 'l'rina
290 971 399 1042 unitas,
412 987 502 1043 quem
513 969 884 1040 catholicaiiccleslecolit,
893 971 1017 1045 supplex
1070 967 1201 1042 postulat
1215 967 1378 1042 longitudo.

188 1076 250 1128 oro,
262 1064 399 1134 expertus
406 1059 437 1116 in
444 1076 490 1116 me
496 1059 730 1117 misericordiam
736 1064 830 1127 tuam,
838 1076 873 1116 ne
881 1060 1016 1119 homines

188 1164 258 1207 oum
273 1148 382 1219 quibua
405 1148 479 1206 mibi
501 1147 656 1223 spueritia
670 1148 700 1206 in
717 1148 797 1207 omni
813 1149 945 1208 convictu
961 1149 1016 1206 luit

188 1254 310 1296 summe
319 1237 485 1305 consensio,
496 1237 525 1293 in
537 1241 589 1294 tuo
599 1237 678 1295 oaltu
690 1253 765 1294 arue
775 1238 932 1295 dissentire
947 1253 1014 1312 per·

1103 1116 1111 1149 ¹
1125 1110 1212 1162 Editio
1225 1111 1277 1172 Er,
1288 1111 1470 1162 immoderato.

1100 1192 1137 1257 (o)
1151 1192 1162 1243 l
1178 1193 1304 1254 Retract,
1315 1205 1375 1258 cap.
1391 1194 1430 1253 tt,
1444 1205 1472 1243 n.
1487 1192 1512 1246 8.

547 1488 620 1575 ue
651 1486 1064 1603 suessonense
1094 1486 1528 1600 nrsrurlrroas,

737 1654 885 1696 roselmus
905 1653 935 1695 nt
954 1652 1108 1697 tuouscuss
1126 1654 1203 1708 vm,
1222 1653 1286 1695 GAP·
1306 1654 1344 1695 vt.

224 1781 417 1840 Sanetuncin
428 1781 478 1839 illa
492 1779 670 1856 ttipponensi
685 1781 768 1851 urbe,
784 1780 1011 1840 Menicbeorum
1021 1779 1188 1854 pestilentia
1199 1780 1434 1854 quamplurimos
1445 1780 1522 1838 cives
1533 1784 1562 1838 et
1572 1781 1742 1854 peregrinos
1753 1781 1895 1841 iniecerat

188 1876 218 1930 et
233 1875 444 1947 penetraverat,
461 1872 619 1928 seducente
634 1875 663 1927 et
677 1870 840 1942 decipiente
855 1871 988 1941 ejusdem
1003 1869 1122 1926 heresis
1135 1870 1263 1942 quodam
1278 1869 1446 1942 presbytero
1462 1869 1582 1927 nomine
1599 1870 1768 1943 Fortunato,
1781 1870 1893 1929 ibidem

188 1964 378 2019 conservante
393 1964 480 2033 atque
494 1964 640 2016 manente.
657 1958 771 2025 Interea
785 1960 987 2033 Hipponenses
999 1958 1076 2016 cives
1090 1962 1120 2016 et
1133 1958 1277 2033 peregrini
1293 1957 1451 2016 Christiani
1463 1963 1524 2015 tom
1538 1958 1678 2016 Catholici
1695 1976 1784 2032 quam
1800 1960 1892 2020 etiam

187 2048 344 2106 Donatistae
360 2048 470 2105 adeunt
484 2048 683 2120 augustinum
699 2049 913 2121 presbyterum,
930 2054 1018 2120 atque
1028 2048 1233 2121 deposcuntut
1243 2046 1328 2103 illum
1343 2046 1492 2104 bominem
1504 2047 1729 2105 Manichaeorum
1740 2049 1892 2122 presbyte-

187 2155 265 2205 rum,
281 2154 369 2211 quem
384 2139 504 2195 doctum
519 2137 689 2206 credebant,
703 2136 825 2204 videret,
838 2140 867 2193 et
883 2153 950 2193 cum
966 2138 1067 2193 eodem
1083 2136 1119 2193 de
1143 2137 1219 2210 Lege
1242 2139 1390 2192 tractaret.
1416 2135 1497 2201 Quod
1522 2135 1612 2209 idem,
1627 2141 1662 2193 ut
1675 2138 1818 2210 scriptum
1835 2141 1893 2205 est,

187 2230 306 2301 paratus
322 2227 357 2284 nd
373 2225 594 2299 responsionem
610 2225 689 2284 omni
704 2226 836 2300 poscenti
859 2242 891 2283 se
915 2225 1058 2282 rationem
1082 2226 1118 2281 de
1144 2225 1201 2282 fide
1225 2230 1255 2282 et
1277 2241 1329 2299 spe
1350 2241 1415 2297 que
1433 2224 1463 2281 in
1480 2225 1571 2282 Deum
1585 2229 1630 2282 ast
1643 2227 1667 2298 (l
1681 2227 1758 2283 Patr.
1775 2243 1817 2294 111,
1835 2224 1903 2301 15),

186 2319 361 2391 potensque·
376 2315 524 2373 exhortari
551 2315 582 2372 in
610 2314 744 2372 doctrina
772 2331 855 2384 sana,
884 2317 913 2371 et
936 2315 1169 2372 contradicentes
1194 2314 1370 2388 redarguere
1394 2314 1456 2388 (Tit.
1481 2330 1502 2386 r,
1516 2314 1555 2388 9),
1572 2313 1695 2372 minime
1709 2315 1817 2373 renuit.
1835 2314 1893 2374 Sed

188 2411 288 2463 utrum
304 2405 394 2462 etiam
408 2403 464 2463 hoo
479 2405 654 2462 Fortunatus
670 2404 732 2461 fieri
747 2403 842 2476 vellet,
858 2403 1027 2460 sciscitatus
1042 2408 1096 2461 est.
1110 2402 1201 2460 Atilii
1211 2404 1367 2461 confestim
1378 2403 1414 2461 ad
1425 2403 1523 2476 ipsum
1536 2403 1730 2462 Fortunatum
1741 2404 1770 2460 id
1781 2403 1893 2462 detule-

188 2500 268 2564 runt,
285 2498 415 2567 petentes
430 2497 459 2551 et
472 2494 659 2551 exhortantes
673 2510 706 2550 ac
720 2494 896 2567 flagitantes,
912 2495 990 2566 quod
1005 2493 1034 2550 id
1051 2493 1173 2549 minime
1189 2496 1346 2550 recusaret.
1373 2493 1449 2550 Saue
1464 2492 1604 2566 quoniam
1620 2492 1699 2550 idem
1714 2494 1895 2552 Fomunatua

186 2585 249 2656 Jnm
261 2584 339 2657 apud
350 2582 555 2657 Carthaginem
565 2582 1032 2654 sanctumnoveratrtugnstinum
1041 2581 1389 2639 adbuoiueodemsecum
1401 2597 1499 2639 errore
1508 2583 1892 2651 constitutum,cumeodsm

188 2672 325 2746 congredi
335 2671 828 2746 pavitabatverumtamensuorum
836 2670 1893 2743 maximeinstantiacoactusoosareonudatus,promisitcominusseease

185 2766 354 2829 venturum,
366 2761 749 2835 certamenquedisputaudi
759 2761 939 2818 subiturum.
951 2761 1033 2818 Unde
1042 2761 1175 2817 condicto
1187 2760 1233 2817 die
1243 2764 1272 2817 et
1281 2758 1345 2818 loco
1354 2765 1552 2817 convenerunt
1560 2762 1589 2816 in
1598 2778 1702 2832 unum,
1712 2776 1890 2819 concurren-

184 2850 577 2923 tibusqusmplurimisviris
587 2850 729 2908 studiosis
737 2850 891 2923 turbisque
902 2849 1037 2917 curiosis,
1046 2854 1075 2907 et
1088 2851 1197 2922 apertis
1213 2850 1394 2907 notariorum
1409 2849 1530 2919 tabulis,
1546 2849 1707 2923 disputatio
1723 2855 1769 2907 est
1782 2854 1888 2923 caepta,

185 2939 291 3013 primo,
306 2943 336 2995 et
349 2938 478 2996 secundo
494 2940 576 2996 linita
590 2945 635 2996 est
649 2940 706 2995 die.
724 2941 755 2997 ln
771 2957 830 3013 qua
843 2939 892 2995 ille
905 2938 1085 2995 manicheus
1096 2944 1266 3013 praeceptor,
1280 2944 1313 2996 ut
1323 2939 1478 2997 Gestorum
1488 2938 1712 3008 continetlides,
1723 2954 1777 2995 neo
1786 2938 1888 2996 catho-

186 3026 274 3083 licam
290 3026 482 3084 assertionem
503 3027 598 3101 potuit
611 3043 761 3098 evacuare,
776 3043 829 3084 nec
842 3026 1067 3084 Manichaeorum
1081 3032 1195 3100 septam
1205 3027 1361 3085 subnixam
1376 3020 1498 3085 veritate
1513 3027 1605 3084 valuit
1614 3027 1803 3100 comprobare
1816 3043 1824 3085 τ
1835 3026 1888 3085 sed

185 3115 325 3173 deficiens
340 3115 540 3189 responsione,
557 3115 662 3173 ultimo
677 3115 852 3174 collaturum
867 3133 899 3174 se
913 3132 981 3174 oum
995 3116 1059 3172 suis
1075 3115 1238 3188 majoribus
1253 3132 1287 3173 ea
1302 3132 1366 3188 que
1381 3114 1511 3173 refellere
1524 3132 1583 3173 nou
1596 3115 1700 3190 potuit,
1712 3120 1889 3189 prosecutus

185 3207 249 3275 est;
266 3209 296 3262 et
310 3205 335 3261 si
350 3204 407 3261 sibi
421 3205 495 3261 forte
510 3204 547 3262 de
561 3204 608 3262 bis
623 3204 696 3263 satis
712 3205 833 3263 minime
848 3206 994 3274 fecissent,
1008 3221 1069 3263 sua
1084 3205 1189 3262 anime
1203 3204 1427 3263 consulturum:
1443 3209 1531 3278 atque
1546 3203 1587 3263 ita
1602 3206 1638 3261 ab
1653 3204 1792 3262 omnibus
1807 3205 1887 3277 apud

121 3344 124 3349 ,
186 3309 261 3366 quos
275 3307 401 3367 magnus
415 3297 446 3350 et
464 3295 569 3352 doctus
580 3293 744 3365 videbatur,
760 3294 834 3352 nibil
848 3294 976 3352 valuisse
990 3293 1021 3351 in
1036 3311 1097 3351 sue
1114 3297 1200 3351 sectae
1214 3295 1376 3351 assertione
1396 3293 1549 3366 judicatus
1573 3297 1628 3350 est.
1643 3294 1706 3360 Oua
1721 3292 1770 3349 ille
1784 3293 1889 3350 contu·

184 3385 266 3440 sione
281 3382 414 3450 allectus,
431 3387 461 3440 et
475 3383 610 3456 sequenti
624 3388 755 3457 temporo
769 3384 805 3441 de
821 3383 1000 3457 Hipponensi
1015 3382 1135 3439 civitate
1149 3384 1307 3455 protectus,
1324 3384 1359 3440 ad
1371 3383 1504 3440 eamdem
1515 3380 1643 3456 amplius
1655 3398 1713 3440 non
1725 3382 1866 3439 remeavit
1880 3398 1889 3441 τ

185 3488 220 3529 ac
235 3470 277 3529 sio
292 3486 344 3544 per
357 3475 553 3528 memoratum
569 3470 620 3528 Dei
636 3472 785 3529 bominem
800 3472 934 3530 omnium
949 3471 1099 3539 cordibus,
1114 3470 1159 3529 vel
1173 3471 1224 3544 qui
1238 3473 1369 3544 aderant,
1383 3472 1428 3529 ael
1444 3472 1494 3546 qui
1510 3473 1645 3531 absentes
1660 3471 1711 3529 illa
1724 3487 1791 3544 quae
1803 3473 1890 3546 gesta

185 3565 258 3619 sunt
269 3564 476 3633 cognoverant,
492 3577 573 3618 error
585 3560 635 3618 ille
651 3562 780 3630 ablatus,
797 3560 940 3619 catholica
954 3566 999 3619 est
1013 3560 1151 3618 intimata
1164 3577 1199 3618 ao
1219 3565 1332 3619 retenta
1346 3561 1459 3620 sincera
1473 3561 1586 3636 religio.

224 3668 271 3733 oe
283 3667 472 3751 subsequente
487 3668 696 3751 Diepotota'one
707 3668 775 3730 cide
789 3667 843 3730 tit.
862 3671 876 3731 l
893 3668 1026 3763 copiti,
1044 3666 1326 3743 Retractatiounm,
1344 3677 1413 3730 tom.
1431 3669 1460 3744 l,
1476 3668 1530 3730 col.
1560 3668 1631 3742 dli,
1648 3687 1681 3733 n.
1698 3670 1727 3743 l,
1743 3684 1764 3730 o
1778 3664 1886 3745 vebat,

18 3796 72 3835 a*
184 3749 303 3813 Eodem
320 3754 474 3829 tempore,
490 3769 581 3832 usqae
596 3748 637 3811 od
649 3748 740 3812 uerbo
754 3769 786 3810 n.
803 3752 835 3824 2,
850 3749 1048 3812 Glamssrmus
1062 3748 1255 3812 consulibus.
1271 3749 1314 3812 Μ.

182 3894 1890 3940 w

467 4051 545 4183 S.
591 4053 1000 4183 aunum
1043 4047 1596 4183 nodosum

856 4240 1064 4300 rruouuusls
1083 4239 1241 4298 EPISCOPI

549 4357 761 4472 ACTA
808 4242 963 4470 SHEU
1015 4357 1518 4470 btseuuattt)

242 4541 581 4669 CONTRA
623 4541 1208 4667 FORTUNATUM
1258 4541 1823 4668 MANIGHAEUM.

851 4729 997 4803 LIBER
1031 4728 1223 4816 UNUStd,

357 4959 570 5018 DISPUTATIO
595 4960 721 5018 PRIMAE
739 4962 825 5019 lell.
1058 4959 1130 5018 tntlo
1146 4960 1286 5018 adversus
1297 4960 1489 5019 Fortunatam
1499 4960 1725 5024 Manicheorum
1738 4967 1890 5043 presbyte-

216 5050 324 5119 Quinto
335 5049 472 5107 calendas
482 5049 668 5122 septembris,
680 5051 804 5108 Arcadio
815 5052 946 5124 Augusto
958 5049 1006 5107 bis
1059 5066 1136 5121 rum,
1153 5049 1182 5107 in
1199 5051 1271 5108 urbe
1286 5049 1518 5124 Hipponensium
1543 5050 1708 5125 regionum,
1723 5053 1755 5113 in
1768 5056 1887 5118 Balneis

181 5143 210 5197 et
220 5138 405 5198 Rufinosiris
415 5137 590 5196 clarissimis
600 5137 782 5208 oonsulibus,
795 5138 1004 5213 babitadispn·
1058 5139 1151 5197 Sossil
1161 5143 1182 5210 ¹,
1198 5140 1254 5197 sub
1269 5140 1425 5213 presentia
1440 5140 1550 5214 populi.

780 5272 938 5312 auuout‘rto
958 5274 1000 5313 ΡΙ.
1017 5272 1278 5315 eonsummabis.

200 5359 289 5433 ¹biber
302 5365 395 5435 eontra
409 5358 585 5434 Fortunatam
601 5359 747 5472 castipatua
761 5363 801 5410 eet
811 5359 924 5433 iurante
940 5360 1031 5411 codice
1045 5362 1180 5423 Vaticano,
1195 5360 1883 5435 arnulphenst,etvictortnisdnobus.praterb01·

181 5433 302 5485 grcorum
314 5428 393 5473 trram
408 5437 495 5473 sarrae
509 5422 637 5473 lectiones
652 5435 715 5473 orm
731 5436 747 5473 a
762 5422 973 5473 Lovaureuslbus
990 5426 1076 5475 datas.
1094 5426 1216 5488 perlectis
1231 5425 1311 5475 etiam
1326 5425 1444 5490 antiquis
1458 5425 1632 5479 editionibus.

222 5517 467 5584 Comdorcocinos
482 5530 628 5603 pretereo
643 5538 692 5584 coc
706 5540 805 5584 oetaeo
817 5520 961 5584 editiones
977 5522 1061 5585 initio
1077 5526 1165 5586 fletr.
1179 5533 1209 5586 et
1221 5525 1373 5601 Cunissa,
1391 5532 1412 5586 t.
1430 5527 1459 5599 l,
1475 5534 1663 5590 memoratos.
1679 5528 1721 5593 bl.

207 5634 245 5703 (ot
259 5634 379 5701 Scriptus
393 5648 467 5687 anno
480 5639 536 5693 ³92.
1083 5641 1092 5678 ¹
1107 5638 1195 5692 Editio
1210 5640 1285 5702 boa,
1299 5638 1377 5692 Socii.
1390 5639 1484 5693 maeri
1498 5638 1570 5705 ltbri,
1591 5640 1680 5695 Soccii.
