3908 6128
161 202 240 267 tlte

158 334 295 396 exstincta
308 330 385 403 quies
395 327 465 384 tucis
480 324 578 382 incolis
591 330 747 396 pararetur.
978 392 983 403 Ι

195 404 312 464 CAPUT
325 401 384 457 lili.
397 403 519 455 —Ccrtc
535 413 604 469 ergo
616 414 633 452 a
645 394 724 452 nullo
738 394 858 466 inquam
869 395 985 447 concuti

158 480 205 536 vel
222 474 329 533 irrorari
341 476 498 545 potuerunt
518 485 606 540 regna
617 468 662 523 dei
678 465 841 523 Manichaei.
861 464 889 519 si
904 464 983 548 enim

178 548 315 617 ctuerint,
328 544 471 600 mentitus
486 546 532 597 est
542 541 676 608 dicendo,
687 555 745 595 non
758 552 938 609 posseregua
948 537 983 591 il-

158 568 980 690 fuebaliqucccnentilltsiconcussasuntneccssitate‚

158 700 210 749 aut
224 692 338 756 timore;
351 705 409 743 non
431 686 487 741 erit
509 685 595 749 Deus,
612 684 662 755 qui
686 683 728 737 sic
743 680 858 736 concuti
874 681 977 752 potuit.

160 765 234 823 Nam
251 762 385 817 videmus
406 760 494 813 deum
509 755 653 812 lilanichai
669 754 832 809 secundum
847 753 983 806 cumdem

158 834 352 894 Manicheum
369 830 445 885 melo
462 828 645 884 necessitatis
661 842 805 897 pressum,
821 840 887 878 crim
905 823 984 878 labes

157 924 191 965 au
205 906 325 963 vastitas
337 903 477 958 adversus
492 899 600 955 secula
613 901 678 968 ejus
690 893 984 967 impenderetaliud·

157 995 215 1052 que
226 977 302 1051 quod
320 978 426 1029 laceret
441 989 497 1027 non
514 971 643 1035 haberet,
656 975 767 1041 partem
783 983 867 1022 suam
882 967 917 1021 ad
928 982 983 1038 pu·

179 1066 248 1107 nam
265 1048 381 1103 dedisse
397 1049 428 1100 ut
445 1043 485 1098 ecl
503 1042 557 1098 huc
573 1042 659 1097 modo
675 1039 802 1111 quietem
819 1036 893 1092 lucis
908 1038 985 1093 incc-

157 1066 194 1179 ᾖε
204 1122 398 1191 compararet.
415 1116 482 1243 ipsa
495 1130 561 1169 vcro
577 1130 644 1185 pars
655 1114 730 1181 ejus,
743 1110 797 1166 hoc
812 1114 867 1173 cat,
883 1109 919 1164 de
942 1108 984 1163 lu-

160 1193 238 1250 mine
253 1191 363 1255 lumen,
380 1188 415 1243 de
448 1203 503 1241 ono
521 1187 642 1249 bonum,
662 1184 697 1238 de
720 1186 821 1238 sancto
837 1184 982 1249 sanctum,

157 1266 313 1322 desterno
330 1264 482 1320 aternum.
511 1258 547 1312 dc
560 1256 617 1311 Deo
634 1260 719 1323 Deus,
737 1254 773 1308 dc
788 1252 985 1333 omnipotente

157 1336 357 1406 omnipotens,
382 1332 521 1400 corrupta
535 1328 583 1395 sit,
600 1326 775 1382 mortificata
791 1328 839 1391 sit,
865 1339 985 1378 commi·

155 1414 206 1465 xta
220 1407 257 1463 sit
273 1422 323 1478 per
339 1405 439 1459 onmia
454 1400 556 1455 mundi
579 1414 701 1470 corpora
722 1411 870 1453 asumma
893 1410 985 1465 usque

157 1478 310 1544 adimam,
327 1492 344 1531 a
359 1472 430 1529 ciclo
443 1487 537 1542 usquc
549 1470 584 1525 ud
601 1474 738 1538 stercora,
756 1472 789 1523 ut
812 1470 841 1523 et
855 1467 984 1522 meretri·

157 1566 206 1608 ces
219 1552 250 1605 in
267 1546 387 1604 theatris
404 1548 433 1601 et
449 1544 479 1599 in
497 1542 567 1598 locis
583 1541 764 1612 turpioribus
775 1538 918 1609 turpiores
933 1538 984 1593 ha-

158 1623 263 1679 berent
284 1620 314 1674 in
330 1633 362 1673 se
385 1630 558 1698 oppressum
581 1618 681 1679 ileum,
698 1611 749 1682 qui
773 1611 889 1666 libcrari
912 1610 985 1664 loric

160 1710 218 1749 non
235 1690 337 1764 possit.
354 1685 519 1743 biertanico
537 1684 565 1739 in
577 1684 635 1739 fine
647 1684 741 1755 ipsius
752 1681 892 1755 epistolis,
908 1683 986 1736 unde

158 1780 252 1821 unum
268 1760 430 1833 capitulum
442 1760 504 1827 J'am
520 1756 684 1827 posuimus,
696 1755 790 1825 ipsam
808 1754 855 1809 bei
873 1759 985 1825 partem
1039 1757 1051 1824 l

158 1852 224 1909 quae
239 1833 398 1890 commixta
412 1833 467 1896 cst,
483 1845 542 1883 nou
565 1832 656 1884 totam
687 1843 773 1898 posse
797 1825 924 1880 revocari
949 1825 985 1880 ad

158 1906 313 1981 pristinem
330 1904 509 1958 libertatem.
835 1967 840 1978 Ι

194 1976 310 2033 CAPUT
330 1974 403 2031 lilli.
420 2003 454 2013 -
470 1976 541 2026 liccc
563 1968 695 2035 victoria,
715 1984 781 2024 ecce
805 1965 985 2039 triumphus,

159 2048 277 2122 qualem
289 2048 355 2103 lecit
365 2042 603 2099 Manichreideus.
617 2041 689 2097 Nam
698 2039 914 2111 postumissam
924 2056 987 2110 par-

157 2125 217 2177 tem
228 2135 312 2175 suem
325 2119 354 2172 in
365 2117 446 2172 luctu
459 2120 513 2184 est,
522 2113 599 2169 sicut
611 2112 789 2167 Manichacus
800 2111 878 2167 idern
890 2110 961 2165 dicit
978 2126 985 2165 :

155 2192 252 2249 velum
263 2194 364 2246 contra
375 2205 406 2244 se
416 2188 514 2252 habet,
526 2183 602 2257 quod
613 2183 742 2240 dotorem
754 2184 818 2255 ejus
831 2185 984 2254 temperet,

156 2262 421 2334 necorruptionem
437 2256 529 2331 partis
540 2273 599 2312 sve
611 2255 716 2311 vident.
739 2254 917 2327 llodiepnim
941 2253 985 2307 di-

155 2334 224 2391 viua
235 2349 324 2407 quam
343 2332 553 2388 commemorat
567 2327 744 2395 substantia,
761 2326 895 2396 subjacet
904 2324 985 2451 penti

155 2406 355 2471 tenebrarum,
377 2407 409 2458 ut
424 2401 519 2456 lutum
545 2398 643 2471 figulo.
660 2398 719 2454 lloc
743 2397 888 2469 inprime
925 2397 987 2452 ibro

155 2476 299 2535 Thesauri
316 2490 419 2531 eorum
436 2472 647 2544 scriptumest.

194 2546 390 2605 CAPUTXlV.
401 2574 435 2587 -·
445 2543 544 2609 Qualis
558 2542 669 2597 interea
682 2538 847 2623 turpitudo,
856 2553 945 2611 quem
957 2537 987 2593 in

157 2620 260 2677 eodem
283 2619 433 2675 Thesauro
452 2616 529 2671 inter
544 2620 647 2669 caetera
659 2616 757 2683 turpia
767 2611 797 2665 in
813 2612 937 2682 septimo
950 2608 986 2664 li-

159 2692 213 2749 bro
227 2691 359 2763 scripsit,
370 2689 413 2745 sic
423 2688 544 2743 dicens:
562 2687 635 2742 Tunc
650 2684 743 2739 beruas
758 2681 810 2738 itte
827 2684 923 2745 Pater,
940 2682 989 2753 qui

159 2763 266 2819 lucidas
274 2777 360 2818 noves
368 2758 617 2816 bobetdiversoria
630 2764 655 2811 ct
666 2755 827 2811 habitacula
837 2754 989 2810 secundum

159 2833 363 2906 mapnituiines
373 2836 393 2902 ¹,
408 2846 460 2903 pro
482 2830 566 2886 insita
584 2828 640 2884 sibi
656 2826 804 2883 elevantia
820 2828 874 2892 lert
897 2841 988 2895 opem,

160 2922 215 2980 ouo
225 2907 338 2962 exuitur
351 2907 376 2961 et
391 2904 526 2958 liberatur
539 2903 573 2956 ab
589 2900 684 2969 impiis
698 2898 861 2953 retinaculis
874 2904 990 2968 etunpu·

159 2978 221 3035 otiis
230 2980 312 3049 atque
321 2975 468 3047 anconibus
482 2988 542 3030 suae
551 2972 646 3027 vitiatis
659 2970 831 3026 substantie.
840 2971 933 3042 ltaque
944 2970 988 3023 in·

160 3048 266 3105 visibili
275 3064 324 3103 suo
335 3050 406 3101 natu
417 3046 556 3100 illcssuas
572 3044 693 3109 virtutes,
710 3055 773 3113 ovae
788 3042 817 3096 in
833 3041 991 3096 clarissimo

162 3120 216 3177 boc
229 3121 295 3175 navi
304 3119 450 3184 nubentur,
462 3116 640 3185 transsmvrot
651 3128 750 3183 easque
776 3128 856 3167 arere
865 3112 989 3182 facitod-

161 3192 250 3249 vcrsis
262 3190 527 3262 potestatibusque
541 3189 570 3241 in
585 3185 703 3256 sinpvtis
716 3129 845 3238 ociorum
857 3183 990 3239 tractitius

164 3262 298 3320 ordinaire
311 3268 384 3317 sunt.
401 3260 469 3328 oue
484 3259 614 3331 quorriam
624 3272 659 3312 ee
673 3263 786 3326 atroque
798 3269 866 3310 secu
880 3270 989 3310 mascu-

166 3334 260 3390 lorum
274 3349 306 3387 ac
320 3333 487 3404 sentinarum
501 3330 662 3392 consistunt,
684 3326 743 3382 idco
756 3326 910 3397 predictos
931 3327 988 3380 vir·

166 3408 234 3463 tutes
246 3408 354 3476 partim
372 3404 462 3475 specie
475 3416 622 3469 puerorum
628 3398 791 3454 investiam‘
804 3413 901 3468 parere
912 3397 991 3468 jubet

164 3478 265 3548 ceneri
278 3474 392 3531 adamo
414 3475 592 3542 teminorum,
607 3472 711 3542 purtim
728 3469 988 3537 virpinumtvcida-

163 3564 228 3604 rum
240 3550 332 3619 formo
367 3546 444 3603 eneri
456 3545 594 3600 contrario
614 3540 805 3597 rrrasculorum
819 3544 927 3596 :sciens
942 3556 989 3595 eos

162 3636 257 3677 omnes
267 3564 379 3674 hostilis
397 3620 551 3688 potestates,
560 3617 673 3686 propter
687 3614 843 3685 inpenr'tam
856 3612 912 3667 sibi
922 3614 989 3667 leto·

162 3692 217 3749 tem
230 3694 257 3747 et
269 3692 477 3761 spurcissimam
500 3687 749 3757 concepissentiarn
762 3683 898 3756 sircilliine
914 3686 988 3754 copi,

162 3772 244 3834 otone
259 3762 359 3817 iisdem
387 3760 524 3829 speciebus
549 3756 744 3827 pulcherrimis
768 3770 831 3882 §aar
855 3765 990 3826 apparent

163 3834 342 3903 mancipari,
371 3831 472 3903 laocpue
495 3830 572 3885 modo
600 3828 714 3885 dissolvi
726 3868 732 3881 .
788 3828 869 3882 cintis
897 3834 990 3881 aulem

162 3904 236 3961 bunc
249 3904 374 3960 eumdem
389 3906 516 3958 nostrum
535 3903 644 3957 beatum
653 3902 765 3956 Patrem
777 3898 905 3954 liacidem
920 3914 987 3965 esse,

164 3974 235 4048 qnod
248 3977 334 4030 etiarn
349 3991 404 4029 suae
421 3975 542 4038 virtutes,
558 3972 673 4045 qnasob
685 3973 989 4026 neccessariamcausom

164 4048 348 4118 transformat
361 4047 391 4101 in
434 4060 565 4100 aerornm
587 4052 612 4100 et
633 4044 776 4111 virpinurn
796 4043 988 4096 intemeratam

162 4118 382 4175 similitudinem.
398 4062 492 4172 iiiior
503 4122 596 4170 autem
611 4114 655 4169 bis
667 4118 800 4183 tanquam
812 4114 933 4184 propriis
941 4130 987 4168 ar·

161 4191 225 4257 mis,
241 4205 258 4244 a
289 4205 322 4244 ue
334 4206 385 4259 per
399 4202 445 4244 eas
459 4202 538 4242 snum
551 4186 667 4258 complet
680 4185 860 4239 voluntatens.

195 4198 311 4317 ΟΑΡἫΤ
325 4259 382 4317 XV.
399 4289 433 4300 -
448 4260 553 4314 llorurn
572 4274 634 4313 vero
657 4258 791 4312 virtutum
814 4254 982 4323 diuinarum,

161 4348 222 4403 pua
231 4333 267 4387 od
277 4334 365 4388 instar
374 4333 501 4401 conjupii
509 4332 609 4386 contra
618 4329 730 4396 interna
740 4342 845 4401 penera
853 4330 979 4382 statuun-

161 4409 220 4473 tur,
239 4420 351 4476 quaque
365 4404 510 4458 alacritate
520 4401 695 4472 octantitatc
710 4399 738 4455 iit
763 4398 835 4470 quod
848 4400 982 4466 capitane-

159 4476 229 4541 rint,
244 4482 379 4530 momento
388 4473 481 4529 ecdem
495 4474 630 4543 eliciunt,
643 4473 736 4544 plencc
748 4474 813 4526 sunt
829 4470 925 4526 lucida
937 4487 987 4525 na·

159 4560 215 4603 ves.
229 4548 324 4617 ltaque
336 4561 399 4599 eam
413 4548 485 4600 ratio
493 4546 648 4616 poposcerit
657 4544 826 4599 vtmascvtis
835 4544 987 4613 appareant

156 4616 258 4675 eaedem
268 4624 371 4673 sancte
383 4617 506 4684 virtutes,
517 4616 592 4671 illico
606 4617 778 4671 etiomsuom
788 4614 912 4686 effipiam
927 4615 985 4668 vir-

157 4690 254 4761 pinnm
267 4686 518 4757 pulcherrimarum
542 4687 638 4743 babitu
660 4688 860 4741 demonstrant.
885 4686 986 4740 Rursus

156 4758 268 4817 eumad
280 4760 400 4831 feminas
414 4766 524 4814 ventam
545 4760 642 4830 tuerit,
655 4762 843 4831 postponentes
869 4758 984 4828 speciem

156 4832 312 4904 virpinum,
337 4845 486 4902 puerorum
511 4831 661 4886 investium
683 4848 696 4885 s
716 4832 798 4886 eciem
827 4828 983 4885 ostendunt.

157 4908 216 4961 lioc
230 4907 322 4959 actem
337 4904 397 4958 visu
410 4900 505 4958 decoro
519 4902 633 4957 illorum
649 4848 732 4957 ordrir
743 4908 770 4957 et
784 4903 985 4971 concupiscen-

158 4977 198 5033 tia
223 4976 331 5043 crescit,
347 4977 429 5046 atqve
452 4972 502 5029 ltoc
525 4974 606 5028 modo
628 4973 771 5028 vincutum
795 4974 985 5033 pessimarum

158 5047 359 5118 cooitotionum
373 5060 470 5102 earum
483 5044 608 5111 solodur,
625 5044 739 5116 vivoque
753 5045 851 5098 animo
865 5060 925 5112 qnae
939 5058 985 5098 co-

157 5118 281 5175 rumdem
297 5117 419 5173 menbris
432 5116 576 5172 unebotvr
590 5116 641 5173 boc
655 5116 793 5171 occasione
807 5114 904 5170 lanato
919 5131 984 5171 eco-

156 5188 208 5256 dit,
231 5194 258 5246 et
285 5204 335 5245 suo
359 5190 511 5260 purissimo
554 5190 614 5243 aeri
641 5188 790 5252 miscetvr;
806 5185 853 5239 vbi
874 5189 984 5255 penitus

157 5261 261 5319 ablutoe
275 5261 380 5318 enimc
400 5259 552 5316 ascendunt
567 5259 602 5315 ad
619 5257 731 5314 lucidas
745 5272 839 5325 narres,
855 5272 918 5327 qum
930 5259 986 5313 sibi

156 5332 192 5388 ad
206 5333 398 5389 tractationem³
408 5336 490 5405 mque
501 5332 713 5401 adsuaepotrr'ae
729 5331 986 5399 transfretationem

156 5411 221 5459 svnt
231 5412 416 5476 praeparatae.

201 5606 283 5668 ensis,
293 5618 354 5657 cum
362 5605 479 5658 editione
493 5607 561 5665 hm,
571 5618 655 5655 secum
665 5604 866 5669 mopnitvdines.
878 5604 907 5653 la
916 5603 984 5653 libro

29 5510 35 5517 Ι
188 5544 198 5581 ¹
209 5542 395 5595 uscanensis
403 5543 527 5595 Ecclesiae
535 5542 626 5601 codex,
636 5556 718 5592 secum
726 5539 985 5605 mcpnilnrtirils.cor·

117 5566 303 5781 &zilletum
317 5668 392 5723 Boni.
407 5682 466 5731 cap.
480 5670 520 5729 u,
535 5669 641 5779 legitur,
653 5681 696 5717 sev
710 5666 913 5731 rnapnitartines.

189 5730 436 5783 'corbeiensistts
447 5744 553 5781 asecun
576 5744 689 5788 amano,
699 5744 838 5793 puerorum
848 5730 875 5780 in
883 5728 985 5779 vestitu.

182 5792 236 5847 'lo
245 5796 363 5849 metatu
374 5792 516 5846 chatura
523 5793 599 5857 Boni,
610 5807 667 5860 cap.
679 5796 718 5853 li,
730 5793 757 5843 ll.
766 5798 793 5845 et
803 5793 875 5844 ber„
886 5792 984 5853 terunt,

177 5858 300 5913 emam
309 5857 481 5927 (mendosap
491 5860 518 5911 ct
527 5858 582 5923 hic,
592 5859 761 5913 evectimem.
772 5856 938 5913 haematite
943 5856 991 5909 br.

169 5920 219 5991 ed.
232 5924 301 5983 Ven.
312 5924 429 5997 abique,
446 5924 634 5996 vectationem,
644 5923 818 5997 acepsimas.
865 5922 905 5979 v.

695 188 746 252 DE
768 188 860 253 utve
881 188 1039 251 CONTRA
1060 186 1314 249 MthGllAEOS.

1792 186 1869 249 tlte

1076 318 1195 377 CAPUT
1210 318 1282 375 XVt.
1298 348 1333 363 -
1344 320 1375 375 ld
1385 336 1447 377 vero
1462 318 1754 393 quodadbvcodacrsi
1762 321 1869 391 pencris

1039 392 1164 449 maculas
1181 396 1286 462 portat,
1301 408 1351 463 per
1364 397 1444 449 aestus
1459 406 1540 466 atque
1558 394 1664 449 calores
1678 392 1868 463 particulatim

1038 463 1276 534 «tescenditartque
1287 464 1434 520 arboribus
1444 476 1604 537 ceterasque
1610 466 1869 535 plantationibusvc

1037 538 1105 591 sotis
1115 534 1242 591 omnibus
1257 536 1397 603 nuscetur,
1413 546 1438 593 et
1449 538 1586 593 coloribus
1604 538 1721 591 diversis
1734 536 1867 603 inficitur.

1038 608 1070 663 Et
1083 623 1135 679 qno
1145 611 1226 678 pacto
1241 608 1292 661 ista
1303 624 1402 678 mapno
1416 610 1607 665 etclorissimo
1616 608 1682 663 navi
1695 608 1797 679 ppvrae
1804 622 1872 677 pue·

1039 695 1138 735 rorum
1148 686 1175 735 et
1181 680 1321 749 cirpinum
1331 682 1580 751 parentcontrariis
1585 684 1711 750 potestati
1716 680 1766 733 bus
1772 692 1836 749 ouae
1841 680 1869 733 in

1040 753 1116 807 coelis
1127 754 1237 820 depant,
1253 766 1368 823 qnmoree
1380 754 1490 823 ipneam
1504 751 1607 807 babent
1621 758 1775 811 rectarum:
1790 756 1870 821 atoue

1038 838 1074 878 ec
1093 826 1144 878 isto
1158 830 1267 892 aspecta
1289 823 1394 889 decoro,
1419 826 1485 881 vitre
1504 840 1568 895 pars
1588 840 1648 895 pure
1664 822 1863 877 inearvrndem

1040 895 1168 949 membris
1181 894 1308 959 babetur,
1318 895 1415 949 lanata
1426 894 1571 950 deducitur
1583 896 1753 966 percuteres
1769 895 1802 947 ln
1815 900 1868 949 ter·

1040 982 1099 1020 rom
1109 966 1220 1021 :cortem
1233 965 1311 1021 modo
1325 968 1410 1022 etiarn
1424 966 1475 1021 rllo
1488 968 1625 1022 altissimo
1648 966 1739 1021 virtus
1754 980 1815 1036 qun
1839 966 1866 1019 in

1039 1039 1105 1092 atavi
1119 1038 1245 1092 vitalium
1269 1053 1407 1108 operarum
1424 1038 1540 1105 licebitot,
1555 1038 1585 1093 in
1599 1037 1790 1093 similitudine
1802 1052 1870 1107 pue·

1039 1124 1135 1163 rorum
1148 1124 1181 1163 oc
1193 1110 1334 1177 circinum
1351 1118 1511 1177 sanctorum
1520 1126 1571 1182 per
1585 1125 1648 1165 suos
1661 1108 1777 1180 cnoelos
1786 1124 1868 1179 oppa·

1040 1188 1081 1235 ret
1093 1182 1136 1235 bis
1147 1182 1337 1251 potestatibus,
1362 1197 1480 1251 quanam
1499 1189 1599 1236 natura
1609 1180 1766 1249 tripidaest
1791 1186 1870 1251 litque

1040 1250 1163 1318 tamtan,
1172 1266 1286 1323 qumque
1295 1254 1325 1306 in
1334 1254 1408 1307 cetis
1418 1252 1560 1309 ordinatae
1571 1255 1644 1308 svnt.
1653 1253 1685 1308 Et
1696 1250 1809 1323 quidem
1828 1251 1870 1305 bis

1039 1325 1306 1395 puleseminiesnnl,
1332 1324 1360 1379 in
1371 1326 1439 1396 ipsis
1468 1340 1545 1380 orma
1562 1339 1714 1396 puerorum
1733 1332 1867 1394 apparet:

1039 1394 1170 1450 masculis
1187 1410 1259 1461 aero,
1276 1396 1425 1461 virpinam.
1459 1412 1493 1451 ac
1506 1411 1569 1453 vero
1580 1394 1868 1451 mutationeetdiuer-

1039 1466 1518 1537 strateparsonarumittoinaramoc
1530 1467 1799 1537 pulcherrimarum,
1819 1466 1869 1521 liu·

1040 1536 1289 1609 mirlalripidaepae
1298 1539 1393 1609 stirpis
1411 1539 1550 1611 principes
1561 1539 1742 1594 massaltien
1759 1539 1872 1609 feminac

1039 1610 1193 1673 solvuntur,
1205 1616 1286 1679 atque
1297 1610 1324 1664 id
1342 1610 1370 1665 id
1380 1609 1450 1683 quod
1472 1611 1502 1664 in
1517 1611 1584 1679 ipsis
1605 1619 1644 1667 est
1667 1610 1763 1673 vitate.
1775 1610 1871 1681 lacit.-

1041 1681 1183 1752 quodvero
1194 1680 1335 1745 resederit,
1349 1683 1475 1737 lacertum
1485 1680 1627 1737 deducitur
1646 1682 1683 1737 od
1704 1689 1811 1736 terram
1824 1698 1872 1753 per

1052 1755 1158 1821 ripora,
1168 1756 1195 1807 et
1204 1755 1309 1807 crunctis
1317 1761 1400 1809 terrce
1409 1754 1555 1822 peneribns
1567 1753 1747 1807 admiscetur.

1075 1824 1190 1880 uacui
1205 1824 1408 1889 xvii-ouis
1422 1841 1477 1879 non
1491 1824 1648 1891 rideatis!
1664 1824 1766 1897 potius
1777 1820 1873 1879 doleat

1041 1896 1236 1951 etdetastetur
1247 1895 1336 1950 istum
1349 1896 1509 1963 homiuem,
1522 1900 1581 1951 tam
1593 1896 1740 1951 horrenda
1749 1902 1780 1950 et
1792 1911 1872 1951 exse·

1040 1965 1161 2022 erabilis
1177 1967 1212 2022 da
1222 1968 1321 2023 divina
1332 1968 1498 2023 antistantin
1521 1968 1690 2023 dicentem?
1712 1968 1789 2033 Ergo
1804 1967 1873 2021 sub-

1041 2040 1155 2094 stantia
1167 2038 1241 2094 lucis
1251 2043 1373 2099 eterne.
1387 2040 1462 2111 parti
1475 2038 1534 2106 bei,
1547 2039 1576 2095 in
1597 2038 1779 2122 captivitate,
1792 2036 1821 2093 in
1832 2054 1875 2093 ca-

1040 2109 1266 2180 lamitatibus,in
1279 2111 1409 2175 aramis,
1421 2110 1451 2165 in
1467 2110 1623 2182 pressuris,
1640 2127 1668 2167 1n
1680 2110 1824 2167 sordibus
1833 2114 1873 2165 at·

1040 2197 1097 2253 que
1113 2181 1313 2248 immunditia,
1338 2182 1503 2238 secundum
1517 2186 1648 2238 restrum
1667 2198 1812 2248 errorem,
1826 2198 1872 2237 ve·

1040 2257 1134 2309 stram
1156 2253 1408 2321 constitutionem,
1425 2270 1481 2309 non
1498 2258 1614 2326 poterat
1627 2252 1714 2309 aliter
1740 2254 1872 2325 quotidie

1041 2324 1200 2392 subveniri,
1217 2324 1274 2379 nisi
1291 2326 1394 2381 beatus
1409 2325 1503 2397 Pater,
1520 2325 1571 2398 qui
1586 2342 1676 2382 naves
1691 2325 1811 2381 lucidas
1824 2324 1872 2381 ha·

1041 2395 1090 2451 bet
1104 2396 1275 2466 diversoria,
1292 2412 1380 2467 quem
1407 2397 1527 2453 tertium
1550 2396 1680 2471 legatum
1704 2396 1872 2469 appellatis,

1042 2473 1070 2522 et
1083 2467 1177 2523 virtus
1192 2467 1336 2523 altissima
1351 2469 1475 2525 virtutos
1503 2485 1574 2524 suas
1597 2470 1628 2524 in
1648 2468 1760 2525 diversi
1787 2484 1874 2524 sexus

1041 2541 1177 2595 naturam
1193 2543 1354 2595 commutet
1369 2556 1376 2594 :
1389 2555 1462 2610 quas
1477 2540 1596 2610 quidem
1619 2540 1814 2596 intemeratas
1828 2539 1872 2594 di-

1041 2610 1118 2679 citis,
1134 2610 1183 2666 sed
1200 2616 1296 2667 lamen
1311 2615 1343 2666 ut
1356 2611 1543 2668 meretricum
1555 2627 1636 2667 more
1647 2610 1873 2685 pulchritudine

1042 2698 1097 2738 euu
1112 2682 1277 2755 principum
1304 2684 1493 2739 tenebrarum
1524 2683 1637 2739 letalem
1659 2690 1690 2739 ct
1714 2684 1873 2754 spurcissi-

1043 2769 1121 2809 mam
1137 2754 1402 2825 concupiscentiam
1415 2754 1543 2811 contuse
1553 2755 1675 2811 invicem
1685 2755 1872 2810 accendant&

1040 2824 1104 2880 Non
1118 2824 1196 2880 enim
1212 2825 1365 2881 invenistis
1379 2842 1491 2897 verum,
1508 2842 1565 2899 quo
1581 2832 1694 2882 tantam
1711 2824 1873 2898 pulchritu-

1041 2897 1139 2952 dinem
1155 2895 1313 2968 nliquando
1325 2897 1477 2954 honestius
1507 2897 1652 2954 diceretis.
1664 2898 1773 2970 Eique
1787 2914 1874 2953 caum

1042 2967 1096 3023 hac
1112 2968 1244 3024 iaciunt?
1260 2969 1295 3024 Ut
1309 2968 1351 3023 eis
1364 2969 1393 3023 in
1406 2969 1556 3025 libidinem
1570 2969 1735 3033 concitatis,
1747 2971 1873 3025 occasio·

1042 3056 1108 3095 nem
1124 3040 1307 3095 liberationis
1322 3040 1448 3111 reperiat
1471 3042 1636 3097 substantia
1659 3040 1773 3096 divina.
1799 3041 1871 3105 Ouid

1042 3110 1119 3166 aliud
1137 3116 1230 3179 sonat,
1248 3112 1305 3167 nisi
1317 3117 1349 3166 ut
1363 3112 1451 3167 etiam
1469 3129 1519 3184 per
1543 3111 1680 3181 genitalia
1702 3113 1872 3168 doemonum

1041 3183 1248 3238 viascvadendi
1260 3183 1656 3254 inveniatdivinamajestas‘t
1664 3184 1745 3239 Deus
1756 3200 1871 3254 magne,

1042 3255 1162 3310 subveni
1176 3254 1282 3310 animis
1295 3254 1455 3327 istaturpia
1465 3255 1663 3320 credentibus,
1676 3255 1733 3311 ista
1746 3256 1872 3312 nefanda

1042 3324 1240 3381 sectandibus.
1267 3326 1337 3389 Quis
1358 3326 1417 3381 haec
1438 3343 1497 3382 non
1519 3326 1681 3395 exhorreat,
1700 3342 1773 3397 rogo
1797 3327 1872 3384 vost

1042 3396 1114 3461 Quis
1126 3402 1185 3451 tam
1201 3414 1294 3452 crocus
1309 3401 1354 3453 est
1368 3402 1401 3452 ut
1414 3398 1472 3453 ista
1483 3398 1596 3455 creduli
1611 3415 1681 3470 rogo
1697 3398 1773 3454 vos?

1077 3468 1188 3525 cartis
1203 3468 1302 3523 livill.
1317 3468 1415 3524 -Sed
1431 3476 1508 3525 certa
1518 3470 1732 3541 respondentur
1747 3470 1822 3525 mihi
1837 3470 1870 3525 ab

1041 3538 1078 3595 iis
1089 3540 1139 3610 qui
1150 3540 1247 3621 ipsum
1260 3540 1452 3596 Manicheum
1462 3547 1640 3614 sequuntur:
1651 3542 1681 3597 Si
1691 3546 1770 3598 licus
1778 3541 1870 3598 inccr-

1042 3611 1251 3695 ruptibihscst,
1265 3611 1308 3667 vel
1323 3614 1533 3668 omnisnatura
1543 3613 1651 3668 summi
1665 3613 1734 3669 boni
1748 3613 1870 3670 inviola-

1041 3681 1120 3749 bilis,
1151 3682 1388 3753 immaculabilis,
1407 3683 1567 3745 inadibilis.
1597 3685 1869 3757 incoinquinabilis,

1042 3753 1355 3825 incomprehensibilis,
1372 3756 1443 3826 quid
1459 3760 1572 3826 poterat
1587 3756 1681 3813 tacere
1697 3756 1770 3812 nrali
1786 3764 1870 3813 natu·

1039 3829 1107 3881 tura
1122 3825 1190 3880 huic
1206 3831 1292 3881 tantm
1308 3830 1430 3895 nature,
1446 3830 1471 3883 si
1488 3826 1578 3883 nollet
1587 3844 1653 3883 cum
1665 3828 1717 3883 illa
1728 3844 1868 3913 pugnare,

1041 3913 1077 3953 ne
1092 3898 1127 3952 ad
1143 3900 1257 3952 tantum
1272 3899 1397 3955 dedecus
1413 3899 1622 3955 deduceretur?
1637 3900 1696 3956 Hoc
1711 3900 1786 3969 dixi,
1798 3900 1868 3966 Ouid

1041 3968 1154 4023 tactura
1168 3973 1231 4023 erat
1249 3974 1303 4025 lieo
1326 3985 1397 4041 gens
1423 3971 1621 4038 tenebrarum,
1638 3972 1663 4026 si
1686 3971 1782 4027 nollet
1804 3988 1867 4027 cum

1040 4038 1090 4095 illa
1106 4040 1252 4112 pugnare?
1266 4042 1293 4095 Si
1306 4041 1379 4096 mihi
1396 4042 1512 4108 dicitur,
1536 4042 1613 4098 Nihil
1630 4060 1731 4115 querc
1747 4060 1802 4099 cur
1820 4045 1867 4098 hc·

1039 4112 1087 4168 dic
1097 4112 1162 4182 ejus
1184 4128 1261 4183 pars,
1287 4112 1341 4168 hoc
1362 4117 1417 4179 cst,
1445 4114 1503 4182 liei,
1530 4114 1559 4169 in
1583 4113 1817 4181 calamitatibus,
1840 4114 1867 4170 iu

1039 4183 1196 4255 pressuris,
1209 4184 1237 4238 in
1254 4184 1429 4254 captivitate,
1450 4185 1479 4240 in
1501 4186 1682 4255 eubJecticne
1697 4186 1738 4242 sit
1761 4188 1868 4243 consti-

1039 4258 1149 4322 tuta,ut
1164 4259 1224 4310 tam
1241 4256 1367 4326 turpiter
1387 4256 1472 4311 stiam
1490 4256 1639 4325 liberetur,
1660 4263 1689 4313 et
1704 4260 1814 4315 necsic
1835 4256 1866 4311 li·

1040 4327 1117 4383 brari
1131 4331 1192 4382 tota
1207 4327 1314 4398 possit;
1330 4326 1374 4381 rel
1397 4328 1460 4399 ipse
1474 4333 1569 4389 Pater.
1585 4334 1618 4385 ut
1631 4328 1748 4385 luctum
1765 4330 1868 4385 habe-at

1038 4402 1206 4454 memorate
1221 4398 1313 4469 partis
1338 4416 1396 4455 sua
1416 4416 1506 4456 causa
1530 4417 1615 4472 quem
1643 4400 1762 4457 luclirm
1779 4400 1866 4459 Mani·

1038 4471 1136 4528 chaus
1147 4470 1176 4524 in
1189 4470 1251 4525 suis
1264 4469 1346 4525 libris
1359 4471 1542 4541 apertissime
1557 4473 1713 4541 riraedicut?

1073 4540 1187 4597 CAPUT
1202 4541 1274 4596 XlX.
1291 4542 1380 4596 -hit
1394 4542 1526 4614 quidam,
1538 4544 1616 4599 Nihil
1632 4546 1660 4600 ei
1676 4546 1743 4615 pieri
1750 4550 1865 4614 poterat,

1036 4613 1082 4669 sed
1092 4613 1280 4668 vtostenderet
1298 4615 1503 4684 prescientiam
1514 4631 1544 4670 se
1554 4615 1654 4671 trabere
1668 4617 1869 4687 capitationem

1035 4686 1196 4756 principum
1214 4684 1403 4747 tenebrarum,
1420 4689 1445 4741 et
1469 4696 1500 4740 ut
1515 4696 1685 4743 monstraret
1699 4688 1775 4742 nillil
1789 4703 1819 4741 se
1833 4688 1868 4740 a·-

1036 4772 1111 4812 merc
1137 4759 1282 4827 propterea
1299 4758 1444 4827 pucnavit.
1468 4758 1518 4813 Cui
1543 4774 1596 4829 ego
1617 4758 1688 4817 diri.
1704 4757 1758 4821 Qui
1775 4756 1867 4829 potuit

1036 4828 1229 4901 cogitationes
1252 4826 1417 4898 principum
1439 4829 1627 4885 tenebrarum
1643 4830 1754 4899 videre,
1770 4845 1805 4885 ac
1822 4846 1868 4884 ne·

1037 4900 1147 4955 minem
1169 4900 1283 4963 timere,
1301 4914 1391 4969 quare
1406 4916 1463 4955 non
1477 4901 1549 4957 vidit
1562 4901 1673 4957 luctum
1692 4900 1751 4957 sibi
1774 4900 1869 4955 immi·

1037 4975 1153 5027 nentem
1170 4972 1205 5025 de
1221 4968 1313 5042 partis
1324 4986 1383 5025 arie
1400 4970 1581 5037 infelicitate,
1594 4990 1684 5045 quem
1696 4972 1866 5043 hodiepati-

1036 5044 1198 5109 tur‘lOuam
1210 5046 1321 5112 partem
1332 5044 1866 5116 suamnunquamreeipietiutegram,

1036 5115 1106 5186 quia
1121 5116 1253 5167 remanet
1274 5110 1341 5169 inde
1360 5113 1482 5196 aliquid,
1508 5116 1586 5171 sicat
1609 5116 1672 5188 ipsc
1695 5115 1767 5171 dicit
1789 5116 1866 5187 quod

1036 5184 1153 5258 purgari
1165 5199 1222 5239 non
1239 5184 1354 5255 poterit,
1366 5189 1394 5241 ct
1406 5202 1435 5241 m
1446 5185 1531 5257 globo
1542 5190 1730 5243 tenebrarum
1743 5188 1773 5243 in
1784 5191 1867 5243 ceter·

1037 5274 1108 5314 num
1119 5254 1318 5311 damnabitur.
1335 5257 1440 5327 Magna
1455 5258 1634 5328 prescientia,
1644 5258 1687 5315 ecl
1704 5259 1804 5331 potius
1824 5258 1868 5314 in-

1035 5328 1167 5395 scientia,
1184 5333 1213 5383 et
1224 5327 1331 5383 misera
1345 5327 1513 5397 infirmitas,
1537 5330 1593 5387 hoc
1605 5336 1649 5387 est
1666 5336 1762 5386 totum
1789 5331 1868 5402 quod

1035 5400 1181 5457 neminem
1197 5399 1328 5454 timebat.
1356 5400 1440 5456 Certe
1459 5402 1484 5457 si
1511 5418 1543 5458 ss
1565 5402 1640 5458 tueri
1663 5402 1869 5475 aliquomodo

1036 5488 1094 5528 non
1110 5475 1232 5542 poterat,
1249 5474 1364 5543 rogaret
1374 5476 1407 5526 ut
1420 5471 1477 5528 sibi
1493 5480 1664 5545 parceretur
1678 5490 1714 5530 na
1740 5474 1778 5530 ad
1802 5478 1868 5531 iau·

1034 5548 1101 5599 tum
1118 5542 1465 5613 dedecusintegritasilla
1479 5550 1508 5600 ct
1522 5546 1612 5603 dacus
1625 5546 1762 5603 omnium
1785 5562 1871 5603 orna·

1036 5618 1202 5671 mentorum
1218 5614 1436 5687 perduceretur.

1068 5792 1077 5827 ¹
1094 5790 1296 5863 Sicilatlcpnus
1309 5790 1359 5841 his.
1376 5790 1560 5844 Cistercleusla
1569 5808 1634 5847 reru
1643 5799 1671 5849 et
1684 5794 1868 5857 Gorbctemie

1041 5851 1293 5985 ζοιῗῐιυὲζίᾲὲκῶἓη
1305 5852 1454 5907 cemanni.
1468 5854 1512 5910 Er.
1527 5860 1554 5910 n
1567 5856 1644 5925 bon,
1656 5858 1775 5925 esem
1786 5862 1814 5913 et
1824 5858 1869 5913 in·
