3908 6128
511 319 901 426 rutnrrto
957 284 1423 422 'carnotina

698 487 865 552 SAECIILA
888 486 979 548 tt-V.
1005 484 1100 548 ANNI
1117 481 1258 545 ast-tao,

751 703 1203 883 mmmm

233 1048 494 1124 nucrottutt
516 1047 574 1121 ΕΤ
601 1047 797 1122 optauit
827 1047 904 1130 QUI
932 1046 976 1121 ΙΝ
1007 1045 1100 1119 ttoc
1127 1044 1262 1119 torto
1291 1043 1384 1118 xttt
1403 1042 1738 1118 cotttrtttttrutt

878 1296 1082 1323 ...ομ-

561 1524 595 1589 S.
622 1522 872 1600 AUGUSTINUS,
896 1521 1146 1586 HIPPONENSIS
1167 1517 1387 1584 EPISCOPUS.

123 1684 165 1746 De
187 1683 354 1746 Haeresihus
375 1687 412 1744 ad
433 1682 671 1754 Quodvultdeum
693 1688 768 1747 liber
789 1704 881 1748 unus.
987 1758 989 1763 ἲ

122 1782 276 1844 Tractatus
296 1785 438 1843 adversus
457 1780 586 1848 Iudaeos.

121 1880 164 1942 De
187 1879 210 1940 U
229 1883 333 1940 tilitate
356 1883 495 1941 credendi
517 1883 555 1940 ad
576 1880 760 1944 Honoratum
781 1883 856 1942 liber
876 1897 968 1942 unns.
1018 1892 1021 1897 ’

121 1977 164 2038 De
184 1981 299 2039 duabus
319 1976 488 2038 Animatus
509 1989 611 2039 contra
631 1977 808 2042 Manichaeos
828 1981 903 2039 liber
923 1995 1016 2038 unus.

120 2075 195 2137 Acta
209 2095 263 2136 sau
285 2074 450 2152 Disputatio
472 2085 574 2136 contra
595 2074 789 2137 Fortunatum
811 2074 1004 2137 lilanichaeum
1027 2079 1102 2137 liber
1123 2092 1202 2136 unus

121 2172 233 2236 Contra
252 2173 446 2234 Adimantum
469 2171 624 2234 Manichaei
639 2176 819 2250 discipulum
841 2175 915 2234 liber
931 2191 1025 2235 unus.

120 2269 230 2333 Contra
252 2270 417 2348 Epistolam
437 2269 591 2332 Manichaei
613 2289 702 2349 quam
723 2281 831 2332 vocant
851 2268 1047 2333 Fundamenti
1069 2273 1144 2331 liber
1165 2287 1258 2332 unus.

121 2366 232 2430 Contra
252 2367 396 2430 Faustum
417 2366 613 2431 Maniohaeum
635 2369 702 2429 libri
723 2366 865 2429 XXXIII.

121 2464 165 2527 De
185 2464 269 2527 Actis
291 2484 359 2527 cum
380 2464 478 2527 Felice
498 2465 662 2528 Manichaeo
683 2468 752 2527 libri
774 2464 814 2526 II.

118 2562 161 2624 Ile
180 2562 291 2625 Natura
311 2566 382 2625 boui
403 2573 506 2624 contra
527 2561 706 2625 lIanIchaeos
728 2566 802 2624 liber
824 2582 917 2625 unus.

119 2659 226 2723 Contra
247 2659 451 2722 Secundinum
472 2659 670 2722 Manicheum
698 2664 773 2721 liber
801 2679 893 2721 unus.

119 2756 229 2820 Contra
249 2756 462 2820 Adversarium
485 2757 571 2834 Legis
591 2767 621 2818 et
641 2757 854 2835 Prophetarum
875 2761 943 2819 libri
964 2757 1004 2821 II.

124 2854 173 2916 Ad
193 2854 331 2917 Orosium
353 2864 456 2916 contra
476 2853 717 2916 Priscillianistas
732 2863 760 2916 et
773 2853 957 2933 OrIgenistas
977 2859 1052 2917 liber
1071 2873 1165 2916 unus.

120 2953 223 3014 Sermo
246 2956 435 3015 trianorum.

123 3049 232 3112 Contra
246 3048 419 3110 Sermonem
441 3052 616 3112 driauorum
637 3053 711 3111 liber
731 3067 824 3111 unus.

120 3146 242 3209 Collatio
264 3165 332 3208 cum
353 3146 516 3209 Maximino
538 3148 714 3209 Arianorum
735 3149 887 3224 episcopo.

118 3244 227 3307 Contra
247 3248 386 3306 eumdem
407 3242 606 3306 Maximinum
626 3244 772 3308 Xrianum
794 3247 864 3305 libri
885 3242 922 3305 II.

95 3341 160 3404 -Ite
181 3342 323 3404 'l'rinitate
344 3344 413 3403 libri
434 3338 504 3402 XV.

839 3540 1105 3606 APPIINIIIX

119 3675 274 3738 Tractatus
296 3683 398 3736 contra
418 3676 549 3751 quinque
570 3671 714 3735 Haereses.

117 3770 220 3834 Sermo
241 3782 345 3833 contra
364 3769 491 3846 ludaeos,
513 3768 649 3848 Paganos
669 3782 699 3833 et
718 3771 847 3836 Arianos

116 3868 256 3948 Dialogus
277 3872 313 3929 de
332 3868 533 3932 Altercatione
553 3867 694 3930 Ecclesia
714 3877 743 3929 et
763 3866 937 3947 Synagogae.

115 3965 159 4028 De
178 3965 250 4028 Fide
272 3975 373 4028 contra
393 3964 575 4028 Manichaeos
596 3969 671 4027 liber
691 3965 804 4029 Evodio
825 3969 969 4028 tributus.

115 4062 390 4126 Commonotorium
405 4066 505 4142 (vulgo
526 4065 695 4142 Augustini)
719 4066 755 4126 de
775 4066 953 4142 recipiendis
972 4062 1145 4127 ManIchaeis
1164 4069 1216 4144 qui
1237 4075 1458 4130 convertuntur.

116 4160 226 4223 Contra
244 4159 429 4223 Felicianum
450 4162 597 4224 Arianum
618 4164 655 4223 de
674 4160 746 4223 Fide
766 4160 919 4224 Trinitatis
939 4165 1015 4224 liber
1034 4161 1142 4241 Vigilio
1163 4163 1321 4243 Tanaitena
1342 4168 1481 4242 episcopo
1500 4165 1667 4225 restitutus.

117 4256 301 4332 Quaestiones
321 4262 358 4320 de
379 4259 522 4321 Trinitate
535 4268 564 4320 et
585 4262 621 4320 de
641 4257 750 4321 Genesi
770 4277 809 4320 ex
828 4259 959 4324 Alcuino
980 4263 1150 4339 descriptae.

117 4354 160 4418 ne
179 4355 385 4419 Incarnatione
404 4357 493 4420 Verbi
514 4359 553 4418 ad
571 4355 743 4419 ianuarium
763 4360 832 4419 libri
854 4362 912 4420 duo
932 4361 1049 4422 collecti
1069 4377 1108 4422 ex
1127 4357 1268 4438 Origene.

116 4453 205 4517 Liber
225 4458 261 4517 de
281 4454 422 4516 Trinitate
443 4464 472 4516 et
493 4457 604 4518 unitate
625 4452 693 4520 Dei.

115 4550 159 4613 De
179 4553 317 4617 Essentia
332 4554 515 4615 divinitatis.
688 4560 798 4644 3339:
840 4572 956 4633 :··:··:
985 4586 1007 4631 ···
1065 4590 1121 4644 :tt

115 4646 158 4712 De
179 4648 297 4714 Untate
316 4660 426 4713 sancte
446 4645 717 4716 trinitatis-”zzz
737 4658 747 4705 :
770 4631 1151 4736 ·3..÷.:÷··.÷.·‘···...3÷3·=

115 4749 159 4814 tte
178 4751 370 4812 ecclesiaticis
389 4747 623 4841 flegmatibus-.-
678 4826 687 4840 ·
725 4832 765 4848 ..
796 4836 805 4850 ·
