3908 6128
179 316 238 379 183
564 313 722 377 CONTRA
743 311 967 375 EPISTOLAM
989 312 1208 387 MANlCHAEI,
1231 317 1264 372 S.
1286 309 1502 374 AUGUS'l'lNl
1828 311 1891 373 {84

178 451 320 509 recondito
332 448 425 505 mittio
440 447 686 503 innumerabilium
695 454 721 502 et
731 448 925 501 turrenorum
942 447 1001 501 tte·
1059 444 1254 516 cognitionem
1271 443 1412 514 insinuat,
1429 442 1479 499 sed
1494 440 1697 499 credulitatem
1710 437 1889 499 suadeacui

177 556 334 597 taurorum.
351 543 414 610 lpse
429 554 491 594 vero
520 538 604 592 l'ctcr
619 538 648 591 ira
670 551 720 591 suu
740 534 819 591 leude
836 536 1004 608 praecipuus,
1059 534 1193 605 quisquis
1208 539 1317 589 temere
1332 532 1525 599 consenserit,
1543 531 1721 587 llleuicborus
1736 532 1890 600 efficitur3

178 628 370 697 mupottudinc
394 625 689 697 imomprelrerrsilulir,
712 625 843 697 copulatu
857 625 937 680 babet
950 625 1005 679 siti
1059 638 1116 678 non
1135 631 1211 678 cortu
1226 622 1440 693 cognoscendo,
1456 620 1628 676 sedincertu
1643 620 1805 688 credendo;
1818 637 1889 692 qus·

179 716 258 773 beata
270 724 296 771 ct
305 716 424 787 pluriora
435 715 547 785 sucula,
561 730 647 785 neque
657 730 781 784 numero,
792 730 881 785 neque
888 714 1004 785 protim'·
1058 708 1100 766 les
1115 727 1169 767 nos
1185 711 1336 783 imperitos
1346 709 1579 766 adolescentulos
1592 707 1750 779 aliquando
1759 708 1885 781 decepit.

177 810 234 863 tute
247 804 426 871 estimanda,
442 806 611 876 curnqutbus
627 803 1003 875 idemSunctusutqucillru·
1058 798 1166 855 Debuit
1178 815 1246 871 ergo
1268 814 1326 854 non
1343 798 1427 853 nobis
1450 798 1579 871 polliceri
1604 798 1768 864 scientiam,
1790 813 1887 869 neque

178 896 231 952 iris
246 896 329 950 Pater
342 903 369 950 et
382 895 490 963 punitor
503 895 586 965 depit,
602 894 680 949 uutlo
700 895 731 947 in
746 894 839 964 repnis
858 893 918 954 eius
933 893 1003 947 insi·
1058 887 1243 943 manifestam
1277 886 1485 960 cognitionem,
1512 902 1606 958 neque
1631 886 1718 940 adid
1745 886 1888 957 quaeritur

177 984 279 1055 poitur
292 988 340 1039 aut
354 982 495 1054 indiperrte
509 990 556 1037 uut
569 983 678 1053 infirmo
694 983 849 1037 constituto.
860 982 901 1037 lta
910 986 1005 1036 autem
1061 974 1125 1032 siue
1140 975 1200 1032 ulla
1214 976 1404 1048 ambiguitate
1419 975 1652 1048 perventionem
1668 974 1719 1030 sed
1731 974 1827 1033 dicere
1836 991 1888 1047 po·

177 1072 507 1144 suadetusuutcjusdcm
520 1070 847 1141 splendidissimumque
865 1086 951 1141 supra
965 1069 1006 1124 tu·
1060 1064 1119 1120 tius
1135 1065 1190 1120 sibi
1206 1066 1264 1121 ista
1279 1081 1343 1121 esse
1366 1069 1538 1134 monstrata,
1564 1063 1631 1119 illos
1655 1068 1752 1120 autem
1777 1064 1886 1136 quibua

177 1160 269 1218 cidum
283 1163 308 1217 ct
323 1160 432 1216 beatum
444 1164 561 1228 terrum,
577 1162 607 1215 ut
625 1158 734 1215 uuullc
747 1175 870 1230 uuquam
883 1164 933 1214 aut
946 1173 1004 1214 mo·
1059 1158 1217 1209 narrantur
1226 1154 1343 1210 credere
1359 1153 1416 1209 sibi
1433 1153 1613 1225 debereque
1630 1152 1774 1208 nesciunt.
1791 1153 1849 1209 Sed
1859 1153 1885 1210 si

176 1251 237 1308 ucri
250 1253 298 1307 aut
311 1250 421 1306 concuti
434 1250 550 1322 possint.
1059 1241 1113 1297 hoc
1128 1242 1246 1315 diceret,
1261 1242 1329 1315 quis
1346 1259 1402 1298 non
1419 1241 1446 1298 ei
1462 1242 1662 1314 responderet.
1678 1241 1708 1298 Si
1724 1257 1793 1315 ergo
1808 1240 1888 1298 iuco-

215 1356 258 1412 tr.
275 1359 341 1412 Haeo
356 1354 428 1412 mibi
444 1356 521 1410 unns
533 1354 710 1426 probaturae
730 1358 784 1423 ast,
801 1358 853 1410 aut
867 1354 926 1410 bec
941 1354 1003 1428 ipse
1058 1331 1139 1404 8¹¹5ta
1154 1331 1319 1388 &editurus
1334 1348 1414 1400 Sum»
1428 1347 1482 1387 ⁰¹¹?
1506 1348 1563 1387 ¹¹⁰ss
1578 1348 1611 1388 0³
1635 1330 1733 1403 P⁰ii¹¹⁸
1757 1332 1885 1399 credam,

178 1444 257 1502 unde
273 1444 429 1518 cognovit?
448 1444 513 1501 Noli
529 1460 575 1500 me
591 1448 697 1500 terrere
717 1442 857 1500 peracleti
874 1445 1002 1500 nomine.
1058 1436 1123 1492 ΨΜ
1136 1421 1196 1491 iam
1212 1419 1565 1476 ⁰⁰⁰⁸0¹¹⁸i⁰¹¹⁰d⁰⁰i⁰fflm
1578 1420 1823 1491 issd⁰⁰i⁰fflmil¹¹⁰
1840 1435 1887 1476 0⁶·

177 1536 286 1606 pnmo,
297 1533 367 1606 qui,
384 1550 441 1591 „0ss
453 1534 570 1590 ,pedore
585 1533 742 1605 incognita,
755 1533 1004 1606 ,edwmogw
1058 1508 1219 1575 lebrantur,
1235 1526 1286 1582 per
1298 1525 1401 1565 omnes
1427 1508 1550 1581 populos
1565 1507 1739 1581 gravissima
1754 1508 1885 1564 auctori·

177 1639 259 1682 scere
273 1624 393 1690 accessi,
410 1623 518 1679 avobis
531 1622 588 1695 ipsi
600 1623 693 1679 lactus
706 1622 844 1678 timidior.
856 1621 913 1678 Vos
923 1621 1001 1678 enim
1057 1600 1117 1653 ²⁸²⁰
1131 1598 1246 1653 firmam
1260 1598 1354 1697 iuni?
1368 1598 1491 1698 H⁰⁰f¹¹⁰
1507 1603 1644 1697 ”ieiumi
1666 1614 1702 1655 ¹¹⁰
1727 1597 1784 1654 Sibi
1805 1597 1885 1697 fiiffi·

179 1714 284 1782 nosti„
305 1721 413 1770 mmm
436 1711 622 1768 credentibus
636 1727 724 1784 quam
747 1710 932 1767 vehemente,
954 1711 1002 1766 qn,
1057 1691 1146 1757 retur,
1163 1686 1589 1759 ollrrndunebulssimperitis;
1601 1703 1729 1759 primum
1742 1685 1884 1758 pollicens

178 1802 288 1861 „ultam
300 1802 420 1860 ,0100qu
436 1818 443 1857 3
459 1800 620 1872 prmum
636 1817 703 1857 cum
718 1800 792 1872 5950,
808 1798 860 1871 qui
870 1801 931 1871 jam
945 1816 1001 1855 coe,
1056 1791 1153 1831 rerum
1169 1782 1315 1831 certarum
1330 1775 1537 1847 cognitionem,
1549 1781 1577 1832 et
1592 1780 1693 1848 postea
1704 1775 1881 1833 incertarum

179 1892 223 1967 pit
236 1891 348 1948 ineerta
364 1906 492 1961 narrare,
506 1889 624 1962 plenam
647 1905 681 1946 ec
705 1888 822 1945 firmam
847 1888 1001 1945 scientiam
1054 1863 1203 1937 impilm
1220 1865 1319 1921 fidssffl·
1334 1864 1385 1921 Cui
1402 1869 1500 1921 lamen
1516 1865 1539 1920 θῑ
1557 1864 1611 1920 hoc
1627 1865 1752 1931 dicatur,
1770 1869 1802 1920 ut
1817 1864 1881 1922 Stil·

178 1980 266 2055 paulo
281 1987 347 2036 aute
362 1979 538 2053 promiserit.

215 2086 335 2145 CAPUT
350 2085 754 2142 le.-Polltcetaturrerum
764 2085 1000 2156 certorumcupni·

179 2177 291 2249 tionem,
306 2179 334 2232 et
348 2177 469 2247 imperat
484 2176 652 2231 incertarum
675 2173 767 2244 fidem.
784 2173 904 2245 Deinde,
928 2190 999 2245 quo-

179 2265 259 2322 niam
274 2264 299 2321 ei
316 2264 388 2320 mibi
403 2264 476 2321 tides
486 2263 656 2336 imperanda
666 2262 817 2335 cst‚magis
828 2278 874 2317 me
889 2266 1000 2319 teneret

177 2353 230 2411 illa
245 2352 405 2426 Scriptura,
421 2352 472 2408 ubi
489 2350 563 2424 lego,
575 2350 840 2422 veniseeSpiritum
850 2356 999 2418 sunctum,

174 2447 205 2500 et
218 2441 371 2514 apostotos
386 2441 547 2512 inspirasse
562 2440 632 2512 (Act.
658 2456 689 2506 n,
707 2440 773 2511 1-4),
800 2440 907 2512 quibus
931 2456 998 2496 eum

174 2531 319 2589 Dominus
334 2546 365 2587 se
380 2529 541 2587 missurum
557 2545 621 2586 esse
637 2528 810 2601 promiserat
828 2530 917 2597 (ioan.
940 2546 998 2595 xiv,

175 2620 219 2691 16,
234 2619 291 2691 26).
307 2620 497 2693 Quapropter.
513 2622 564 2673 aut
585 2633 620 2674 es
633 2634 697 2690 quse
720 2617 791 2673 dicit
815 2617 907 2690 proba
925 2616 998 2673 mihi

173 2724 241 2767 vera
257 2724 331 2775 esse,
344 2711 377 2764 ut
392 2707 530 2764 ostendas
551 2723 614 2780 qum
633 2723 690 2762 non
714 2722 834 2778 possum
859 2707 997 2775 credere;

174 2801 227 2857 aut
240 2815 307 2855 sum
324 2796 374 2871 qui
390 2796 472 2865 dicit,
493 2797 585 2868 proba
600 2794 671 2850 mihi
695 2795 838 2868 Spiritum
862 2800 998 2852 sanctum

174 2904 249 2955 esse,
274 2892 307 2944 ut
330 2886 446 2942 credam
475 2902 539 2957 qua
563 2902 620 2940 uon
644 2878 726 2957 p'otes
753 2884 915 2941 ostendere.
938 2885 998 2958 ligo

173 2992 303 3047 namque
318 2974 492 3031 catholicam
520 2975 606 3030 tidem
623 2974 770 3046 profiteor,
793 2977 822 3029 et
846 2990 896 3046 per
917 2973 997 3030 illam

174 3080 222 3121 me
236 3065 272 3121 sd
288 3067 398 3119 certem
415 3063 567 3120 scientiam
588 3067 794 3135 perventurum
809 3079 873 3119 esse
888 3079 996 3134 pressu·

174 3154 246 3223 maj:
263 3157 294 3208 tu
310 3168 376 3208 vero
392 3153 442 3224 qui
457 3152 545 3207 fldem
561 3168 654 3208 meam
677 3149 849 3208 labefactare
873 3152 997 3221 conaris,

172 3245 282 3300 certam
298 3240 439 3297 scentiam
455 3242 547 3310 trade,
564 3241 588 3297 si
605 3245 707 3312 potes;
724 3243 757 3296 ut
784 3240 813 3296 id
843 3241 919 3313 quod
939 3258 998 3298 cre·

172 3330 246 3401 didi,
260 3335 369 3387 tumme
385 3346 432 3386 me
460 3329 621 3386 credidisse
646 3329 814 3386 conviuoas.
846 3332 905 3386 lluo
928 3336 998 3387 sunt

172 3436 237 3494 quse
253 3419 325 3476 mihi
344 3420 456 3491 profers
473 3436 479 3475 :
497 3435 589 3475 unum
605 3434 674 3476 cum
690 3418 764 3475 dicis
774 3419 916 3491 Spiritum
928 3437 996 3476 sun·

173 3513 253 3568 ctum
269 3524 334 3565 case
348 3508 399 3581 qui
416 3507 556 3579 loquitur,
568 3513 596 3564 et
607 3507 997 3576 alterum‚cumdicismaui-

173 3602 237 3655 esta
251 3613 315 3654 csso
330 3614 394 3671 quae
410 3596 550 3668 loquitur.
574 3597 734 3668 Utrumque
749 3596 801 3652 abs
817 3600 844 3652 te
858 3596 923 3653 sine
938 3595 999 3652 ulla

173 3686 355 3743 dubitatione
371 3702 545 3757 cognoscere
561 3684 648 3741 debui
658 3702 663 3739 :
673 3685 722 3740 sed
734 3701 791 3740 non
804 3701 870 3741 suna
881 3701 997 3753 avarus3

176 3791 270 3832 uuum
288 3776 391 3831 horum
408 3776 489 3830 doce.
515 3773 642 3829 Ostende
666 3774 743 3829 hunc
763 3789 827 3829 esse
854 3773 997 3846 Spiritum

174 3872 319 3933 sanctum,
331 3868 360 3919 et
375 3864 492 3918 credam
505 3878 571 3917 vera
586 3878 651 3919 esse
665 3879 728 3935 qua
744 3862 825 3933 dicit,
837 3868 865 3917 et
880 3863 997 3918 credam

173 3952 315 4025 Spiritum
331 3958 465 4007 sanctam
482 3968 556 4017 esse,
568 3951 683 4008 etiamsi
696 3951 835 4007 nesciam.
848 3951 998 4023 Numquid

175 4041 289 4114 aquius
304 4045 354 4096 sut
368 4039 587 4096 benevolentius
601 4044 698 4095 tecum
714 4039 759 4112 agi
773 4039 889 4111 potest?
903 4040 997 4096 Sedtu

173 4145 228 4187 neu
243 4129 298 4185 hoc
315 4145 367 4185 uec
382 4126 454 4184 illud
467 4128 544 4184 vales
560 4128 723 4185 ostendere.
740 4127 819 4184 Nihil
835 4126 915 4183 aliud
939 4128 997 4185 ele·

174 4218 254 4292 gisti,
271 4218 327 4274 nisi
356 4215 477 4274 laudare
505 4217 582 4289 quod
608 4217 712 4283 credis,
736 4222 764 4273 et
784 4215 904 4273 irridere
919 4218 997 4289 quod

174 4308 345 4364 credocum
357 4307 446 4380 igitur
457 4306 544 4363 etiam
556 4322 607 4377 ego
617 4304 746 4362 vicissim
757 4305 912 4362 laudavero
920 4307 996 4375 quod

174 4396 272 4462 oredo,
288 4398 407 4469 etquod
431 4396 525 4451 credis
548 4395 684 4463 irrisero;
710 4395 780 4466 quid
804 4399 889 4467 putas
914 4394 998 4452 nobis

173 4500 239 4543 esse
250 4485 456 4556 judicandum,
466 4484 573 4558 quidve
584 4484 750 4540 iaciendum
766 4483 822 4539 nisi
841 4488 873 4539 ut
885 4500 934 4540 eos
950 4501 997 4542 re·

175 4570 358 4646 linquamus,
373 4574 423 4646 qui
441 4590 494 4630 uos
510 4573 635 4629 invitant
657 4576 736 4629 certa
756 4587 940 4645 cognoscere,
970 4577 999 4630 et

175 4668 278 4738 postes
291 4665 437 4735 imperant
450 4668 482 4718 ut
495 4662 603 4718 incerta
613 4662 768 4717 credamus
777 4686 785 4729 ;
794 4666 823 4717 et
834 4677 882 4719 eos
894 4678 997 4733 sequa·

175 4766 252 4820 mur,
268 4753 317 4824 qui
334 4767 387 4808 nos
402 4751 525 4807 invitant
539 4752 620 4823 prius
635 4750 760 4819 credere,
777 4751 854 4822 quod
866 4751 997 4807 nondum

175 4840 309 4899 valemus
319 4840 439 4905 intueri,
450 4846 482 4897 ut
498 4842 563 4913 ipsa
577 4840 633 4895 llde
643 4837 814 4896 valentiores
830 4840 908 4908 lacti,
919 4841 997 4913 quod

174 4929 490 5002 oredimosiutalligere
501 4927 996 5000 morearnur,noujambominibus.

175 5018 226 5077 sed
241 5018 305 5092 ipso
321 5019 379 5075 Deo
393 5016 571 5073 intrinsecus
588 5026 714 5073 mentem
732 5021 862 5074 nostram
887 5016 997 5074 illumi-

173 5112 262 5165 nante
277 5111 363 5181 atque
378 5106 538 5163 llrmsuto‘l

212 5214 252 5269 l8.
266 5213 301 5271 lit
315 5213 453 5286 quonism
470 5211 589 5285 quesivi
605 5213 682 5268 unde
696 5210 767 5267 mibi
784 5212 897 5285 probet,
919 5230 997 5268 nunc

172 5316 270 5375 quero
285 5302 362 5359 unde
378 5303 440 5376 ipse
455 5301 632 5375 cognoverit.
644 5302 672 5355 ei
685 5301 756 5356 diort
769 5301 824 5357 sibi
839 5317 903 5357 esse
918 5319 996 5358 reva-

171 5388 265 5449 lutum
280 5406 298 5446 a
311 5391 419 5465 Spiritu
430 5396 540 5457 sancto,
556 5405 698 5460 suamque
711 5392 840 5444 mentem
856 5390 997 5447 divinitus

171 5476 360 5549 illustratam,
374 5486 406 5536 ut
421 5497 455 5536 sa
466 5498 530 5553 qua
543 5479 625 5551 dioit,
637 5483 715 5535 corte
729 5482 758 5535 et
770 5477 924 5536 manifesta
948 5496 995 5537 co·

172 5572 336 5641 gnosceret3
349 5570 411 5640 ipss
425 5570 571 5642 significat
586 5568 655 5641 quid
668 5568 783 5625 intersit
797 5566 873 5624 iuter
888 5584 994 5641 cogno·

122 5656 572 5752 *sstomdemlpseouim
583 5659 743 5732 cogusooit,
752 5654 798 5715 cui
811 5655 995 5729 apertissimo

274 5744 994 5821 oosmucurzuuutomquibusbsonsrrst,nou

1054 1957 1113 2009 tem
1129 1952 1172 2010 vel
1186 1952 1241 2010 sibi
1258 1952 1319 2009 hac
1334 1954 1435 2009 licceat
1458 1970 1521 2010 esse
1545 1958 1718 2020 monstrata,
1744 1954 1881 2012 similiter

1054 2041 1163 2111 delicit,
1178 2047 1206 2100 at
1221 2042 1275 2099 hoc
1290 2058 1407 2114 quoque
1421 2047 1455 2098 ut
1469 2043 1624 2099 credamus
1641 2043 1735 2114 jubet.
1752 2043 1823 2109 Quis
1838 2043 1878 2100 te·

1054 2135 1100 2186 rat
1109 2135 1222 2187 tantam
1239 2130 1385 2188 fallaciam
1397 2136 1569 2204 tantamque
1583 2130 1772 2203 superbiam?

1089 2220 1207 2277 CAPUT
1218 2220 1275 2276 XV.
1292 2222 1379 2277 -19,
1396 2221 1456 2277 Nou
1477 2221 1567 2277 sotum
1581 2222 1698 2288 incerto,
1720 2222 1770 2277 sed
1791 2222 1877 2277 etium

1052 2311 1127 2382 [uisu
1139 2326 1196 2366 esre
1212 2326 1271 2383 qum
1281 2310 1378 2366 tradit.
1395 2310 1613 2366 Detrrumcutum
1627 2309 1660 2364 dc
1674 2317 1749 2365 terro
1763 2317 1789 2365 et
1801 2314 1881 2381 pente

1057 2400 1232 2456 terebrarum
1243 2400 1323 2467 luctu
1346 2399 1419 2455 latus
1433 2408 1515 2457 lcrrae
1536 2403 1639 2457 sanus
1654 2414 1687 2454 uc
1704 2398 1879 2469 cubaturum,

1053 2488 1278 2560 lici.Cousututur
1291 2489 1391 2560 primo,
1407 2491 1455 2543 tua
1466 2490 1571 2543 nutura·
1584 2488 1633 2543 liei
1646 2494 1775 2559 parceret
1787 2489 1878 2544 luteru

1053 2578 1151 2634 tribuit
1166 2580 1299 2650 tauquam
1321 2594 1373 2634 suu
1387 2578 1459 2633 mole
1473 2593 1522 2650 pcr
1537 2577 1659 2633 locorum
1672 2579 1760 2649 sputis
1775 2576 1883 2633 dulcu-

1052 2667 1148 2723 dotur.
1164 2666 1238 2734 Quid
1256 2683 1313 2722 uon
1338 2665 1435 2723 solum
1464 2665 1584 2733 incerta,
1612 2666 1663 2722 sed
1691 2666 1781 2723 etiam
1803 2666 1881 2725 talsa

1052 2772 1117 2812 esse
1131 2773 1193 2826 qua
1208 2755 1290 2821 dicit,
1306 2760 1363 2811 Deo
1379 2759 1407 2811 et
1423 2755 1546 2812 Domino
1568 2760 1667 2810 nostro
1682 2754 1754 2809 mibi
1781 2755 1880 2826 opitu-

1052 2843 1130 2901 lante
1145 2844 1364 2901 monstravero?
1378 2844 1452 2911 Quid
1477 2843 1624 2900 infelicius
1653 2844 1710 2899 isla
1733 2844 1880 2916 supersti-

1052 2934 1130 2989 tione
1147 2934 1269 2989 inveniri
1286 2938 1395 3006 potest,
1410 2949 1475 3005 quoe
1500 2949 1556 2988 non
1582 2933 1668 2989 modo
1688 2949 1745 2988 nou
1761 2932 1881 2990 exhibet

1051 3022 1193 3080 scentiam
1209 3039 1299 3095 quem
1322 3021 1467 3095 promittit
1491 3028 1579 3094 etque
1600 3020 1763 3089 veritatem,
1779 3023 1829 3078 sed
1845 3038 1881 3079 ea

1051 3111 1122 3167 dicit
1146 3128 1209 3184 que
1239 3110 1425 3167 vehementer
1450 3116 1521 3167 sunt
1547 3111 1675 3166 scientie
1703 3110 1881 3183 veritatique

1051 3200 1219 3256 contraria?
1234 3199 1315 3265 Quod
1332 3198 1568 3271 insequentibus
1584 3198 1771 3255 manifestius
1792 3215 1881 3273 appa·

1051 3288 1136 3345 rabit.
1159 3290 1201 3344 Ita
1216 3288 1293 3343 euim
1315 3286 1502 3345 dicit:.lu.ctc
1526 3305 1612 3343 unum
1635 3304 1700 3343 uero
1718 3296 1826 3359 purtem
1845 3304 1881 3345 uc

1052 3377 1123 3433 lctus
1136 3377 1255 3433 illustret
1267 3378 1345 3433 illius
1360 3393 1393 3432 uc
1408 3384 1511 3434 sunctae
1525 3380 1605 3432 terrae
1619 3384 1682 3432 erut
1695 3377 1876 3434 tenebrarum

1051 3474 1125 3522 terra
1136 3466 1278 3539 profunda
1292 3476 1317 3521 et
1329 3467 1465 3522 immensu
1474 3466 1712 3538 mapuitudiue,in
1727 3483 1785 3536 qua
1799 3467 1880 3523 truti-

1052 3556 1161 3611 rotam*
1181 3557 1263 3625 ipucu
1285 3570 1525 3628 corporeorum
1547 3555 1649 3611 scitica
1673 3557 1815 3627 pestifero.
1830 3556 1880 3613 llic

1053 3647 1173 3716 infinitae
1186 3646 1317 3709 tenebrae,
1333 3661 1370 3700 erc
1383 3644 1478 3700 endem
1491 3648 1635 3700 manantes
1649 3650 1753 3699 natura
1779 3646 1880 3701 inerti·

1051 3734 1178 3801 mutites‚
1193 3751 1257 3789 curre
1271 3735 1392 3805 propriis
1406 3734 1507 3806 fetibus
1521 3752 1531 3788 .·
1546 3734 1620 3788 ultra
1634 3750 1702 3805 quus
1711 3742 1789 3789 crunt
1800 3751 1880 3806 aqum

1051 3840 1166 3881 canorus
1179 3840 1211 3879 uc
1221 3823 1336 3879 turbidae
1350 3839 1414 3879 cum
1429 3825 1486 3878 suis
1497 3822 1746 3891 intrabitctoritru;
1761 3839 1881 3895 quarum

1052 3914 1169 3968 interius
1185 3914 1260 3967 venti
1274 3913 1418 3968 horribiles
1431 3927 1464 3967 uc
1478 3912 1649 3967 uehementes
1659 3927 1723 3966 cum
1736 3928 1785 3967 suo
1797 3913 1880 3984 priu-

1051 4004 1110 4074 cipe
1123 4006 1149 4057 ct
1163 4002 1346 4072 acutioribus.
1362 4003 1482 4057 Rursum
1497 4001 1575 4070 repio
1600 4002 1683 4069 ipueu
1696 4004 1722 4055 et
1743 4002 1880 4075 corrupti·

1053 4090 1116 4146 tilis
1129 4107 1191 4145 cum
1204 4091 1262 4146 suis
1277 4089 1402 4145 ducibus.
1418 4091 1486 4145 Pari
1499 4105 1575 4144 more
1588 4091 1742 4146 introrsum
1752 4107 1818 4160 perra
1832 4107 1880 4146 ru·

1052 4179 1146 4250 lisinis
1172 4196 1204 4234 cc
1228 4179 1303 4249 sumi
1315 4179 1408 4250 plena,
1438 4179 1539 4251 inqua
1569 4179 1882 4236 morolruturimmuuis

1050 4270 1178 4339 princeps
1190 4269 1320 4324 omnium
1332 4271 1358 4323 et
1372 4266 1439 4331 dux,
1456 4266 1557 4323 bulcus
1573 4269 1649 4323 circu
1671 4284 1700 4324 sc
1714 4270 1881 4325 innumeru-

1052 4357 1119 4413 biles
1134 4358 1283 4428 principes,
1300 4372 1416 4429 quorum
1429 4358 1553 4413 omnium
1568 4358 1625 4428 ipsc
1637 4360 1696 4413 erut
1711 4373 1788 4413 meus
1799 4359 1882 4431 utpm

1051 4450 1151 4520 oripo:
1162 4448 1258 4518 tuque
1267 4449 1381 4515 turmot
1393 4449 1502 4501 acturae
1510 4448 1631 4518 quinque
1639 4454 1721 4504 terrea
1730 4448 1878 4518 pestiferoe.

1087 4538 1131 4591 20.
1148 4536 1178 4593 Si
1194 4536 1303 4591 aerium
1321 4534 1363 4591 vel
1379 4535 1467 4591 etiam
1481 4535 1632 4590 etherium
1649 4551 1754 4607 corpus
1769 4534 1882 4592 diceret

1051 4642 1116 4683 esse
1132 4630 1268 4681 naturam
1284 4624 1344 4692 Dei,
1361 4624 1489 4696 protecto
1500 4623 1671 4679 irrideretur
1683 4624 1718 4679 ab
1729 4623 1881 4694 omnibus,

1052 4715 1101 4787 qui
1117 4713 1268 4787 sapientiae
1282 4711 1473 4785 veritatisque
1484 4718 1619 4768 usturam
1636 4711 1783 4785 pernulla
1800 4712 1881 4769 locc-

1052 4819 1117 4859 rum
1127 4802 1222 4875 spatia
1233 4801 1391 4857 distentam
1404 4801 1647 4873 atquedill'usam,
1657 4800 1719 4857 sine
1731 4799 1791 4856 ulla
1801 4799 1881 4857 mole

1052 4907 1189 4963 magnam
1205 4896 1233 4946 ct
1248 4890 1446 4962 magnificum,
1463 4906 1516 4946 uec
1530 4890 1559 4945 in
1576 4895 1656 4962 parte
1671 4889 1827 4958 minorum,
1842 4893 1873 4945 et

1053 4980 1083 5035 in
1102 4984 1183 5052 parte
1198 4980 1351 5049 majorem.
1367 4978 1417 5033 sed
1432 4994 1484 5050 per
1497 4979 1595 5033 omnia
1606 4977 1747 5050 aqualem
1760 4992 1880 5033 summo

1053 5068 1141 5139 Patri,
1158 5084 1210 5124 ueo
1224 5066 1303 5122 aliud
1321 5066 1476 5123 habentem
1494 5068 1541 5121 bic
1566 5074 1594 5123 et
1610 5067 1688 5122 aliud
1716 5065 1797 5134 alibi,
1827 5066 1881 5123 sed

1052 5156 1161 5230 ubique
1176 5157 1333 5228 integram,
1348 5155 1457 5226 ubique
1474 5160 1646 5227 presentem
1668 5154 1882 5228 qualicumque

1051 5248 1112 5303 acie
1124 5247 1185 5317 jam
1196 5245 1351 5301 serenioris
1367 5245 1475 5300 mentis
1490 5244 1599 5300 intueri
1617 5244 1725 5301 valent.

1086 5335 1203 5392 CAPUT
1219 5333 1290 5390 llVl.
1303 5365 1337 5374 -
1347 5335 1475 5389 ,lairacum
1489 5336 1589 5406 ipsum,
1599 5337 1651 5390 ctsi
1670 5334 1875 5404 morositatis,

1049 5442 1100 5498 per
1109 5427 1199 5498 spotia
1209 5424 1327 5480 lucenam
1336 5438 1391 5479 acu
1402 5424 1533 5480 distendi.
1544 5427 1616 5481 Nam
1629 5423 1811 5480 totcseutstiu
1820 5425 1881 5480 sirr-

1048 5515 1109 5587 puts'
1122 5514 1245 5587 portibus
1259 5510 1451 5584 torpuisset
1464 5512 1638 5583 quiddioum
1650 5513 1685 5568 de
1696 5513 1816 5569 veritate
1827 5517 1873 5569 at·

1049 5620 1105 5676 qna
1120 5601 1272 5675 sapientia,
1282 5618 1347 5674 quae
1358 5616 1461 5658 omues
1472 5600 1577 5656 anima
1587 5600 1735 5674 potentias
1745 5604 1877 5677 superum

1082 5756 1092 5794 ¹
1106 5754 1186 5819 tutu,
1200 5752 1331 5807 mount.
1343 5752 1378 5808 st
1389 5752 1465 5816 lisa..
1477 5749 1641 5806 autumes.
