3908 6128
125 194 202 258 titt
492 192 625 257 SERMO
646 194 804 257 contet
827 193 1000 271 JUDAEOS,
1025 192 1209 258 Pedanos
1230 194 1282 258 ut
1303 197 1487 263 sumnus.
1751 210 1828 274 itit

122 328 286 384 diessaeculi
296 327 754 399 quisdinumerauit?Altitudineni
766 327 836 393 coeli,
846 334 872 381 et
883 327 949 382 inti·
1003 327 1098 391 dum¹;
1111 326 1206 383 minor
1224 326 1309 384 Patro
1331 330 1477 411 perditum
1498 349 1636 406 reparans
1659 343 1824 400 mundum:

123 400 247 455 papanem
262 404 352 460 terra,
365 397 566 469 etprosnndurn
582 398 745 471 alpinique
759 415 869 454 mervius
887 402 950 454 est?
1003 399 1123 470 aqualis
1136 415 1202 453 cum
1216 400 1300 455 Putre
1313 407 1400 456 vitam
1417 401 1546 475 largiens
1560 412 1712 467 aternam·
1729 413 1827 474 minor

122 470 292 542 Sapientiam
312 470 359 525 Dei
373 470 572 541 precedentem
587 472 684 525 oninia
698 470 761 542 quis
775 471 950 539 inuestiqnuit
1003 474 1088 526 Patre
1103 476 1226 526 mortem
1241 471 1404 544 suscipiens
1414 481 1553 533 nostram.
1706 454 1714 483 ’

121 543 215 614 (ΜΗ,
224 559 244 611 1,
253 542 281 603 2,
290 541 413 612 aphace
425 540 566 612 propheta
575 539 654 611 dicit,
667 542 724 597 imo
735 543 798 623 ipse
808 541 948 596 hominus
1039 540 1351 599 Girumu-ctum·
1360 547 1501 602 nativitas.
1516 548 1597 604 llunc
1608 550 1707 625 itaque
1720 556 1823 615 Filium

120 615 171 686 qui
183 613 416 685 loquebaturper
427 612 609 683 prophetam,
622 614 699 684 quod
712 612 885 738 suggentiam
897 612 946 668 Dei
1000 613 1147 667 credimus
1163 613 1212 668 Dei
1229 613 1258 669 in
1280 617 1464 687 susceptione
1476 618 1604 678 hominis
1622 625 1776 696 minorem,
1793 633 1824 687 in

120 684 220 741 nullus
240 683 432 755 investigavit.
452 682 583 738 Christus
599 685 732 739 estenim
775 685 801 739 ei
817 684 949 740 virtuset

121 758 171 814 Dei
183 756 328 827 sapientia
339 758 361 826 (l
371 754 624 825 Car.i,2l).Nullus
637 757 796 811 secundum
811 755 948 810 divinita-

120 835 180 885 tem
193 828 286 900 potuit
304 826 480 897 investigare
493 825 541 880 nei
551 826 724 898 sapientiam
738 844 744 882 :
763 827 830 898 quin
841 844 949 883 seeun-

122 904 192 957 dum
209 899 237 954 id
256 897 333 970 quod
350 897 439 953 Filius
461 903 604 953 natusest
619 899 655 953 de
671 898 753 954 Patre
766 899 829 953 sine
843 905 946 965 matre,

121 973 296 1028 nativitatem
305 971 364 1095 ejus
374 971 436 1041 quis
446 971 608 1024 ennarrabit
621 971 696 1040 (lsai.
718 987 766 1038 mi,
780 970 824 1095 Sgl

157 1041 307 1098 CAPUTV
324 1042 345 1095 l.
355 1070 390 1081 -
404 1040 505 1096 Contra
514 1040 694 1097 Arianos.Dic
706 1040 789 1109 mihi,
821 1040 948 1106 aretine,

124 1114 174 1187 qni
185 1114 275 1170 audes
287 1112 382 1168 dicere
420 1113 474 1166 und
496 1113 592 1167 minor
608 1112 648 1167 sit
666 1112 714 1168 Dei
724 1112 871 1184 Sapientia
883 1128 889 1166 :
902 1111 949 1166 die

122 1185 207 1252 mihi,
219 1183 342 1240 altitudo
362 1128 425 1238 eali
443 1189 552 1255 quanta
568 1183 616 1251 sit,
634 1181 756 1240 latitudo
773 1189 865 1247 terra,
883 1197 950 1254 pro·

122 1259 248 1314 fundum
260 1254 373 1328 abyssi?
387 1259 411 1309 N
414 1270 514 1309 umere
524 1256 549 1310 si
560 1260 642 1327 potos
654 1254 757 1327 pluviae
767 1260 877 1328 guttae,
889 1270 951 1310 are·

122 1345 192 1387 nam
205 1328 306 1391 maris,
316 1329 346 1382 et
357 1326 420 1382 dies
431 1325 528 1381 saecnli
541 1343 547 1385 :
560 1332 679 1382 tuorum
690 1326 778 1383 etiam
790 1341 946 1382 numerum

123 1398 687 1473 capillorumquoniamomnaacapillien
710 1400 951 1453 itiauestrinume·

123 1474 251 1528 ratisunt
261 1470 457 1542 (bertanae),
466 1469 635 1524 demonstra
646 1416 728 1535 mihi,
739 1475 827 1541 atque
839 1468 951 1540 explica

125 1543 279 1617 parvaistn
290 1540 438 1609 inferiora,
450 1545 479 1594 et
491 1545 559 1595 turm
570 1540 623 1595 tibi
636 1541 749 1596 credam
762 1556 847 1612 posse
859 1547 887 1595 te
905 1540 950 1594 in·

125 1615 197 1671 vesti
221 1630 269 1669 are
288 1612 448 1683 superiora.
467 1612 521 1667 Sed
534 1628 591 1666 non
608 1618 700 1683 potes,
712 1628 769 1667 non
786 1611 874 1666 vales.
886 1610 949 1682 spi·

126 1687 201 1743 ritus
237 1685 261 1740 ei
270 1688 298 1739 te
308 1683 463 1745 convincit,
478 1683 528 1749 qui
539 1700 588 1739 vos
606 1683 759 1739 haereticos
770 1690 838 1738 ante
850 1683 949 1755 praevi-

126 1759 178 1814 dit.
191 1758 243 1822 Qui
257 1756 335 1811 enini
349 1755 406 1809 ista
423 1771 487 1825 qua
499 1754 635 1826 superius
646 1755 785 1824 diximus,
801 1754 951 1825 conscrip-

127 1834 230 1886 serunt
240 1833 328 1911 atquo
338 1831 503 1894 senserunt,
519 1826 625 1897 spiritu
639 1825 951 1899 agebanturveritatia,

128 1918 185 1958 non
198 1914 314 1956 erroris.
327 1898 370 1953 ‘l'u
381 1904 490 1966 autem,
502 1897 644 1967 haeretice,
654 1914 721 1953 cum
733 1897 795 1953 haec
805 1914 862 1952 non
874 1898 952 1952 vales

128 1971 282 2044 explicare,
298 1971 390 2025 audes
401 1969 436 2024 de
445 1968 508 2040 ipsu
521 1985 586 2039 quae
597 1969 764 2040 investigari
775 1985 832 2023 non
845 1972 951 2051 potest,

128 2041 334 2114 DeiSnpienlia
344 2040 494 2111 disputare
506 2058 513 2095 :
525 2046 553 2096 et
564 2056 689 2113 magnus
700 2041 751 2095 tibi
764 2039 953 2111 videris,qula

129 2116 264 2187 disputas
275 2112 357 2169 nullo
369 2112 528 2167 altercante
537 2117 646 2179 tecum,
661 2110 846 2183 nullojudice
857 2112 954 2184 prael·

130 2188 225 2244 dente.
235 2186 268 2240 llt
280 2186 350 2241 dum
360 2183 538 2255 suffragatur
548 2192 665 2255 tempus
679 2184 768 2239 errori
780 2188 840 2253 tuo,
854 2182 953 2237 existi·

129 2276 194 2316 mas
206 2263 235 2313 te
246 2255 356 2328 aliquid
368 2271 442 2317 esse.
454 2271 520 2310 cum
534 2254 606 2310 nihil
618 2254 711 2310 sistet
724 2255 862 2309 seductus
874 2252 955 2309 aiul-

129 2325 638 2399 tosseducereconcupiscis;aliquos
647 2324 955 2398 pecunia,aliquospo-

128 2401 222 2458 tentia
236 2418 242 2456 ε
254 2399 328 2457 tales
343 2397 395 2454 tibi
416 2413 468 2453 eon
493 2414 522 2453 re
543 2414 586 2466 as,
605 2414 679 2469 quos
698 2398 840 2467 plurimos
856 2402 955 2452 tecum

130 2472 246 2546 perdas.
263 2476 326 2527 Non
338 2474 381 2525 est
392 2469 438 2524 hic
450 2414 503 2523 ligi
523 2412 605 2525 fribus
613 2469 695 2548 utilis
709 2469 745 2524 ad
757 2468 892 2533 salutem,
903 2468 955 2524 sed

131 2544 228 2617 potius
239 2544 274 2598 nd
289 2541 456 2614 perniciem.
470 2539 553 2595 'l‘alia
573 2556 651 2595 enim
671 2541 811 2604 docendo,
823 2542 882 2595 imo
898 2556 955 2593 non

132 2615 272 2679 docendo,
284 2614 334 2669 sed
344 2612 441 2684 potius
455 2610 694 2682 blasphemando,
706 2628 763 2667 non
775 2611 894 2666 cuilibet
905 2626 956 2682 po·

131 2688 215 2751 lenti,
226 2686 275 2741 sed
285 2685 341 2756 ipsi
355 2684 412 2738 Deo
426 2682 501 2737 Patri
512 2683 541 2737 in
553 2684 617 2752 ojus
631 2684 649 2736 F
653 2683 700 2737 ilio
712 2684 805 2739 iacere
818 2684 955 2738 demons-

131 2756 363 2827 trarisinjurias.
380 2755 471 2822 Major
487 2757 530 2826 est
550 2757 643 2817 l’ater,
662 2755 758 2809 minor
775 2758 820 2809 est
842 2753 954 2808 Filius:

132 2828 299 2885 meliorest
316 2827 405 2891 l’ater,
426 2824 665 2891 interioritates,
686 2824 744 2880 llas
765 2824 958 2880 contumelias

133 2916 187 2957 nec
199 2899 285 2954 humo
296 2897 419 2968 quilibet
433 2895 549 2965 sapiens
568 2894 690 2951 libenter
699 2896 832 2969 accipiat,
856 2896 906 2967 qui
923 2896 957 2950 ll·

132 2971 206 3027 lium
220 2969 367 3024 meliorem
380 2983 411 3023 se
422 2967 496 3037 ipso,
508 2971 559 3022 aut
567 2983 666 3039 parem
679 2967 784 3023 hahere
798 2967 956 3023 contendit.

134 3042 216 3098 Unde
227 3046 272 3095 est
282 3040 367 3095 etiam
381 3038 450 3093 illud
476 3038 586 3093 dictum
606 3038 805 3111 propheticum
820 3056 827 3095 ε
844 3039 959 3095 Latoius

133 3122 172 3171 est
185 3113 307 3183 poterin
322 3111 523 3181 fitioanpiente,
535 3112 630 3165 inuita
641 3127 692 3165 sun
702 3112 781 3176 uidit,
797 3113 823 3166 et
838 3112 868 3165 in
883 3110 959 3165 obitu

133 3190 192 3258 ejus
202 3199 255 3240 non
268 3184 307 3238 ast
319 3182 505 3237 contristatus.
519 3186 645 3238 Mortuus
664 3182 739 3237 enim
761 3191 801 3236 est
824 3189 909 3252 poter,
933 3183 960 3236 et

133 3262 265 3326 tanquam
280 3269 334 3308 non
345 3262 385 3308 est
395 3256 532 3307 mortuus:
552 3254 671 3307 similem
689 3254 767 3335 ‚enim
782 3253 960 3336 reliquitpont

132 3324 654 3462 lillinll‘ltlilt{Atilii
664 3323 960 3451 lttlttttlitffltf

138 3474 190 3527 des
200 3470 294 3525 dicere
306 3468 399 3549 ipsam
412 3466 633 3538 Sapientiam,id
647 3472 691 3521 eat
703 3466 752 3522 Det
766 3467 871 3522 Filium
884 3436 960 3521 i³atri

136 3558 201 3599 esse
212 3538 401 3596 dissimilem?
413 3537 556 3608 Propheta
567 3537 637 3592 dicit
648 3543 794 3592 mortuum
811 3537 959 3593 hominem

158 3617 248 3668 utrem
260 3612 289 3666 in
301 3627 334 3667 eo
345 3610 422 3682 qnod
434 3609 527 3663 filium
539 3607 665 3664 similem
679 3608 804 3678 reliquit,
819 3610 914 3663 vivere
930 3608 960 3663 in

137 3630 199 3741 8150
212 3700 219 3745 ;
235 3688 262 3738 et
277 3688 307 3737 lii
329 3683 419 3737 audes
430 3680 524 3751 ipsam
536 3695 596 3734 sem
621 3679 745 3735 iternam
760 3678 866 3746 Vitam,
883 3679 960 3750 quod

138 3760 185 3813 est
197 3754 246 3809 Dei
258 3754 359 3819 Filius,
374 3767 510 3824 separare
525 3751 561 3807 ab
577 3696 618 3806 ΗΓ

142 3832 192 3884 tur
205 3826 312 3881 Patre?

177 3897 291 3954 CAPUT
310 3894 383 3951 Vlll.
396 3925 429 3934 —
445 3894 479 3947 AE
497 3894 602 3947 uetitas
616 3907 806 3962 personarum.
823 3894 858 3948 Et
879 3892 960 3965 quid,

141 3968 251 4041 inquis,
264 3968 393 4022 tacturus
409 3909 495 4020 sumJ
509 3965 573 4045 lpse
584 3962 666 4030 dixit,
680 3968 762 4019 Pater
775 3967 863 4037 major
870 3980 914 4019 me
923 3972 962 4020 est

139 4040 350 4112 (Joaunivffl).
362 4034 435 4101 Quia
453 4050 509 4090 non
523 4033 671 4106 intelligis,
682 4035 746 4091 ideo
757 4036 808 4090 tibi
829 4036 905 4090 male
915 4052 961 4091 so·

139 4106 691 4182 natquodhenedixit.Namipsadixit;
703 4105 762 4161 imo
773 4107 963 4163 etronilrma·

138 4183 317 4239 vit.Prorsus
330 4182 337 4235 i
361 4179 572 4241 sedunenses
585 4180 724 4247 majorne
734 4181 772 4233 est
783 4177 861 4248 :ipse
873 4178 962 4233 Filius

139 4255 221 4310 dixit.
235 4254 290 4309 Sed
305 4198 368 4307 visse
379 4251 495 4322 qnando
507 4251 561 4304 hoe
572 4249 659 4330 digit:
672 4248 701 4303 in
711 4252 896 4321 susceptione
909 4250 962 4305 liu·

140 4341 234 4381 manaa
245 4328 354 4379 naturas
364 4321 477 4393 positus
488 4319 543 4376 hoc
553 4319 898 4377 dixit.'l'uncdixit.Puter
908 4338 964 4377 ma·

133 4392 501 4470 jermenttqnandodixit,
509 4393 604 4448 Tristis
613 4399 653 4447 ast
661 4393 760 4446 anime
768 4407 919 4475 manusque
928 4392 963 4447 ad

139 4473 253 4524 monem
264 4466 372 4535 (ttaitt.
380 4482 457 4528 xxvi,
466 4463 522 4530 38),
534 4463 615 4518 ‘l'nnc
627 4462 709 4525 dixit,
731 4465 812 4519 l’ater
820 4479 911 4533 mayor
919 4480 963 4520 me

138 4543 190 4608 est,
201 4538 319 4610 quando
335 4538 423 4607 llevit,
440 4535 556 4605 quando
571 4533 884 4604 lassatnsest‚qunndo
895 4552 961 4591 esu·

139 4611 216 4674 rivit,
235 4609 350 4681 qnando
366 4606 556 4663 sitivit.Tunc
568 4605 650 4674 dixit,
663 4605 744 4659 Pater
756 4606 847 4676 major
858 4622 901 4661 ma
913 4610 961 4675 est,

139 4682 258 4754 quando
275 4697 342 4735 euni
353 4679 425 4735 dicit
441 4677 591 4749 Scriptura
614 4676 791 4731 minoratum
807 4677 894 4748 paulo
906 4678 961 4732 mi-

141 4770 208 4808 mus
223 4753 259 4807 ab
270 4749 480 4824 Angelieffsal.
492 4765 553 4813 viii,
569 4748 606 4818 u).
619 4747 765 4818 Numquid
780 4749 858 4804 enini
875 4749 961 4805 etiam

140 4823 302 4881 hicinsann
314 4822 449 4894 superbie
462 4821 501 4874 ita
517 4820 678 4874 irreverens
698 4820 882 4891 progreditur
899 4836 961 4874 ves-

140 4907 196 4961 tra,
210 4900 242 4949 ut
256 4894 382 4950 Verbum
392 4893 439 4948 Dei
452 4907 573 4947 manens
584 4891 660 4962 apud
669 4894 796 4956 Patrem,
813 4891 918 4945 audeat
932 4891 962 4945 in

139 4967 205 5038 ipsa
215 4965 265 5020 illa
276 4965 427 5021 divinitate
438 4962 533 5019 dicere
544 4962 661 5034 Angelis
676 4977 740 5016 esse
755 4961 920 5017 minorem?
933 4960 963 5017 si

139 5055 198 5094 aon
211 5038 312 5107 audes,
326 5036 469 5101 heretice,
488 5034 543 5089 hoc
554 5032 659 5099 dicere,
671 5048 752 5088 serva
770 5032 824 5088 hos
842 5034 962 5105 gradus,

138 5114 166 5165 et
183 5109 274 5182 periet
284 5125 363 5163 error
372 5112 441 5163 tuus
454 5123 460 5161 ε
474 5104 646 5177 Filiusnpud
659 5106 783 5172 Patrem,
796 5108 899 5160 etcum
912 5105 963 5162 Pa·

135 5184 180 5237 tre
190 5179 322 5251 aequalis,
335 5180 473 5252 quoniam
486 5177 682 5245 sempiternus
697 5192 762 5231 cuni
774 5176 962 5249 sempiterno,

138 5267 255 5323 semper
265 5268 388 5307 manens
398 5266 464 5307 cum
476 5252 751 5320 sempermanente:
761 5248 881 5317 aqualis
892 5247 963 5305 mis·

138 5340 190 5379 sus
201 5329 230 5379 et
243 5324 377 5378 veniens:
390 5322 418 5377 in
436 5318 620 5391 susceptione
630 5318 758 5374 hominis
772 5320 810 5374 mi
816 5328 889 5386 nor',
904 5336 961 5376 non

139 5396 234 5451 actum
246 5398 340 5462 Patre,
352 5409 452 5449 verum
461 5391 546 5448 etiam
555 5389 673 5461 Angelis
683 5406 689 5445 :
701 5389 821 5461 aqualis
830 5391 859 5447 in
870 5392 965 5448 sormi

137 5466 201 5534 Dei,
219 5466 354 5522 minorin
367 5466 460 5521 iorma
477 5462 551 5518 servi
564 5478 571 5515 :
583 5459 705 5532 aqualis
716 5477 782 5517 cum
799 5466 884 5519 Patre
898 5478 963 5519 cre-

138 5554 192 5594 ans
205 5537 352 5611 Angelos;
368 5537 464 5592 minor
487 5534 570 5589 Patre
596 5531 731 5588 homines
746 5533 856 5590 iaciens
879 5548 965 5605 anpe-

136 5607 337 5682 losiaqualis
359 5604 425 5665 euni
449 5606 535 5662 Patre
558 5619 664 5660 novum
688 5607 862 5662 construens
876 5622 962 5663 minn-

609 3752 690 3824 oqni
706 3767 858 3823 nunquam
874 3750 962 3807 niori·

170 5804 265 5870 aaa..
279 5806 305 5859 et
319 5804 424 5857 venum
437 5804 464 5855 in
477 5798 671 5869 mmiptianem.

1001 683 1152 765 divinitate
1173 686 1248 767 Patri
1271 686 1425 758 aqualem,
1442 689 1563 759 sactum,
1578 694 1655 751 sieut
1667 699 1826 769 Apostolus

1001 755 1120 824 dixit‚ex
1131 772 1242 811 semine
1261 758 1350 813 David
1366 766 1528 817 secundum
1542 781 1659 823 ciii-nem
1670 772 1772 827 illumi
1787 774 1826 845 3).

1001 825 1041 881 lla
1062 828 1172 882 seniine
1186 828 1269 909 ⁶enim
1282 828 1371 913 David
1383 831 1462 915 virgo
1474 833 1575 900 lliuria,
1587 854 1647 905 qua
1661 825 1696 897 de
1715 814 1826 917 Spiiitu

1000 902 1102 952 sancto
1113 904 1302 979 concipiente,
1314 905 1381 957 etin
1393 919 1477 975 cnjus
1495 911 1577 962 utero
1595 908 1721 969 Verbum
1738 932 1827 973 carne

1000 974 1147 1040 suscepta,
1159 970 1346 1027 nobisliietus
1363 980 1407 1029 est
1428 977 1571 1033 mediatur
1591 979 1678 1039 homo
1700 990 1780 1045 totus
1794 993 1825 1045 et

1002 1039 1078 1121 Deus
1094 1040 1436 1125 (llum.11.5),Verhum,
1452 1053 1480 1103 et
1495 1051 1603 1119 anima,
1617 1061 1646 1110 et
1660 1072 1728 1114 caro
1746 1076 1823 1117 nnus

1001 1110 1146 1167 Christus.
1162 1111 1221 1167 lloc
1231 1129 1336 1185 quippe
1348 1117 1432 1174 nobis
1442 1120 1529 1175 etiam
1541 1123 1612 1178 ordo
1625 1125 1714 1197 hujus
1724 1147 1825 1189 sacra·

1001 1181 1323 1256 mentideclarat,quod
1333 1194 1432 1258 postea
1455 1208 1521 1246 uam
1533 1196 1681 1254 credimus
1690 1200 1719 1255 iii
1732 1201 1825 1261 Deum

1002 1254 1365 1337 Patremoinnipotentem,
1385 1206 1570 1320 animosa
1584 1266 1613 1323 in
1633 1269 1739 1329 Filium
1759 1277 1824 1346 ejus

999 1324 1257 1408 iesumchristum
1269 1328 1558 1401 ²,deSpiritusancto
1567 1345 1827 1419 natumexvirgine

1001 1397 1138 1453 Aturiatlt
1150 1397 1209 1452 hae
1223 1399 1359 1456 nativitas
1377 1406 1527 1473 perturbat
1538 1424 1654 1469 omnem
1671 1415 1827 1488 cogitatio·

1002 1484 1069 1550 nem
1082 1467 1257 1536 humanam;
1275 1472 1413 1543 quoniam
1427 1476 1518 1533 virtus
1529 1484 1572 1534 cst
1582 1498 1646 1539 cain
1657 1494 1776 1558 operata
1786 1488 1830 1545 di·

1001 1539 1154 1621 vina.Nam
1162 1544 1279 1612 qnando
1291 1544 1498 1603 admittitratio
1506 1556 1610 1606 nostra·
1618 1560 1815 1626 generationis

1002 1612 1308 1697 nturrgoconcipiens,
1326 1616 1407 1687 virgo
1419 1624 1482 1688 post
1503 1628 1619 1692 partum
1638 1605 1827 1702 permanens:

1004 1683 1094 1737 Filius
1110 1683 1252 1748 videatur,
1262 1690 1290 1739 et
1301 1692 1360 1741 inte
1382 1690 1453 1745 ritus
1463 1691 1602 1749 inviolata
1613 1702 1758 1758 servetur?
1766 1703 1825 1761 lloo

1003 1769 1061 1808 non
1078 1759 1171 1836 potest
1186 1753 1307 1827 implere
1318 1703 1440 1827 quilibet
1451 1761 1538 1820 homo
1548 1772 1633 1824 natus
1645 1785 1652 1823 ε
1664 1770 1712 1828 ille
1727 1780 1827 1833 autem

1004 1830 1111 1906 potuit,
1122 1842 1258 1896 quianon
1270 1831 1530 1903 eratsolushomo,
1543 1839 1595 1893 sed
1606 1843 1718 1899 [lenset
1728 1845 1828 1911 homa·
1847 1832 1851 1847 ¹

1004 1912 1053 1967 qni
1070 1901 1206 1978 proptera
1215 1898 1307 1954 voluit
1317 1902 1395 1956 nasci
1407 1902 1504 1969 homo,
1517 1909 1587 1979 quia
1597 1913 1723 1982 perierat
1732 1918 1830 1975 omnis

1004 1967 1102 2049 homo.
1117 1972 1246 2049 Primum
1266 1970 1366 2043 itaque
1385 1974 1561 2034 miraculum
1583 1997 1724 2057 maguum
1738 1988 1830 2062 hujus

1005 2038 1171 2122 ldedintoris
1186 2056 1220 2097 aa
1235 2042 1385 2115 singulare
1403 2045 1467 2113 luit,
1479 2052 1555 2121 quod
1572 2053 1615 2108 sic
1627 2061 1780 2117 natusest·
1798 2064 1831 2118 ui

1005 2109 1055 2165 ille
1078 2125 1126 2193 qui
1151 2112 1284 2169 veniebat
1309 2114 1535 2177 miiltosdocere
1559 2123 1652 2183 iacere
1676 2104 1828 2201 miracula,

1005 2197 1069 2264 quie
1082 2197 1146 2264 ipse
1162 2199 1213 2256 per
1224 2200 1254 2265 ae
1268 2190 1296 2240 et
1311 2202 1361 2257 per
1376 2186 1441 2244 illos
1457 2190 1590 2261 iaciebat,
1606 2196 1711 2255 hebere
1730 2207 1829 2260 tamen

1005 2252 1117 2322 aliquid
1135 2269 1284 2337 proprium
1300 2257 1350 2328 qui
1367 2259 1439 2314 nihil
1457 2274 1651 2336 usurpaverat
1670 2270 1829 2332 alieneuni.

1006 2323 1093 2379 Solus
1107 2339 1184 2379 enini
1202 2326 1237 2409 ἀρ
1258 2328 1371 2414 virgine
1386 2336 1472 2388 natus
1487 2339 1542 2403 est,
1569 2340 1639 2409 quia
1661 2342 1742 2400 solus
1767 2346 1830 2403 sine

1006 2395 1831 2554 tltlttl.ttt;⁵..l.¹tlll{lt.ttllldltttttt

1007 2542 1072 2609 tris,
1093 2555 1161 2610 quia
1175 2540 1256 2595 solus
1272 2559 1324 2613 pro
1340 2544 1424 2601 nobis
1439 2563 1529 2618 super
1542 2552 1629 2609 coelos
1644 2559 1784 2627 aseendit,
1798 2563 1832 2617 ut
1891 2560 1894 2565 ’

1007 2610 1318 2669 sederetaddexternm
1331 2614 1434 2671 Patris.
1446 2620 1623 2692 Acceperunt
1633 2628 1668 2682 ab
1684 2628 1734 2686 illo
1744 2631 1832 2689 disci·

1009 2680 1070 2752 puli
1087 2685 1120 2735 ut
1134 2682 1262 2738 iacerent
1278 2685 1370 2768 multa
1384 2693 1412 2742 et
1429 2705 1535 2763 magna
1551 2697 1699 2769 miracula,
1714 2707 1743 2757 et
1758 2703 1830 2760 lece·

1009 2756 1092 2833 runt:
1105 2768 1157 2833 nec
1177 2758 1273 2810 tamen
1292 2759 1438 2829 quispiam
1451 2764 1685 2832 predicaturuut
1699 2773 1830 2831 creditur

1008 2824 1045 2904 de
1058 2828 1213 2905 virgincde
1223 2832 1319 2889 natus,
1328 2835 1377 2884 aut
1388 2830 1424 2885 de
1433 2834 1541 2903 spiritu
1554 2845 1655 2896 sancto
1665 2853 1833 2917 conceptus,

1009 2910 1065 2949 nisi
1077 2894 1125 2948 ille
1134 2912 1212 2978 unus
1222 2897 1269 2965 qui
1281 2905 1393 2957 creator
1403 2908 1566 2976 temporum
1577 2910 1712 2970 inventus
1722 2914 1752 2971 in
1765 2922 1835 2973 tcm-

1009 2981 1078 3037 pore
1093 2970 1137 3051 est
1154 2971 1242 3024 etiam
1257 2969 1320 3041 ipse
1335 2980 1460 3041 creatus,
1473 2980 1639 3051 suscipiens
1653 3001 1741 3056 qnam
1759 2988 1834 3045 inte·

1010 3053 1093 3110 grain
1106 3038 1279 3095 lormavernt
1291 3042 1449 3100 humanum
1463 3054 1608 3121 naturam,
1625 3060 1657 3110 ut
1672 3073 1723 3128 per
1738 3058 1833 3132 ipsam

1010 3108 1137 3181 quodam
1153 3112 1238 3192 modo
1253 3113 1432 3194 redemptorl
1448 3124 1578 3177 nostram
1599 3134 1747 3197 repararet
1770 3130 1833 3187 rui·

1011 3195 1090 3263 pam.
1104 3179 1136 3234 llt
1151 3179 1198 3236 hic
1209 3181 1259 3263 liei
1270 3183 1371 3254 Filius,
1383 3192 1411 3242 et
1427 3188 1554 3247 hominia
1573 3195 1663 3267 silium
1675 3200 1724 3257 Dei
1743 3200 1834 3261 Filius

1010 3267 1040 3333 in
1050 3251 1137 3306 corde
1147 3255 1252 3321 Patris,
1267 3255 1394 3313 hominis
1405 3258 1519 3319 filinsin
1531 3268 1613 3324 utero
1624 3272 1726 3327 matris
1737 3289 1743 3327 :
1755 3272 1835 3331 idem

1012 3338 1075 3394 ipse
1086 3339 1163 3378 unus
1174 3323 1317 3397 Christus,
1330 3329 1380 3400 qui
1392 3335 1534 3402 processit
1543 3352 1577 3392 ex
1598 3346 1679 3398 utero
1700 3344 1836 3415 virginali

1013 3397 1154 3464 tanquam
1171 3412 1298 3479 sponsus
1318 3401 1353 3455 de
1368 3402 1497 3459 thalamo
1513 3423 1565 3463 suo
1577 3410 1785 3487 (hainaut).
1803 3416 1835 3473 lii

1013 3481 1071 3536 quo
1087 3470 1168 3548 utero
1183 3468 1350 3538 spirituales
1372 3474 1557 3544 nuptinsunt
1567 3482 1727 3555 celebrata,
1739 3486 1835 3543 lleus·

1012 3552 1069 3607 que
1084 3544 1258 3607 conpunctus
1268 3546 1312 3595 est
1324 3544 1522 3610 carni,etearo
1533 3551 1652 3609 cohaesit
1666 3555 1723 3613 Deo
1748 3562 1780 3613 nt
1790 3574 1836 3615 es-

1013 3609 1057 3663 set
1072 3623 1149 3662 unus
1161 3608 1294 3665 Christus
1305 3612 1382 3669 Dens
1394 3621 1423 3670 et
1439 3616 1535 3674 homo.
1727 3599 1734 3627 ’
1923 3654 1930 3661 -

1048 3678 1165 3734 CAPUT
1175 3679 1207 3734 x.
1222 3681 1420 3741 -Crudelitas
1440 3688 1560 3747 llerodis.
1573 3693 1645 3751 Hinc
1655 3712 1724 3769 ergo
1736 3715 1837 3770 proce·

1014 3749 1086 3830 dens
1096 3749 1174 3805 velut
1188 3768 1315 3836 sponsus
1333 3755 1369 3811 de
1387 3757 1518 3816 thalamo
1538 3779 1601 3835 suo,
1614 3766 1648 3821 ad
1663 3770 1748 3840 cujus
1761 3787 1837 3842 nup·

1014 3824 1070 3876 tias
1085 3828 1230 3878 commota
1243 3840 1381 3882 universa
1394 3829 1541 3889 exsultare
1559 3835 1620 3892 visa
1639 3844 1836 3899 estareatura.

1013 3891 1145 3974 llamque
1154 3894 1324 3978 angelorum
1335 3899 1442 3956 chorus
1453 3918 1486 3958 ex
1496 3902 1543 3960 his
1553 3909 1665 3981 nuptiis
1676 3927 1777 3982 pacem
1790 3914 1838 3971 de·

1014 3969 1112 4090 signat
1125 3965 1292 4024 hominibus
1304 3969 1386 4027 honae
1397 3973 1554 4033 voluntatis
1564 3980 1634 4049 quia
1646 3983 1696 4055 qui
1711 3990 1774 4040 erat
1783 3984 1836 4042 Dei

1013 4034 1115 4104 Fiius,
1132 4036 1224 4093 iaetus
1251 4045 1296 4095 est
1323 4045 1353 4097 et
1382 4043 1510 4124 hominis
1537 4048 1643 4118 l'ilius;
1669 4056 1835 4128 suscipiens

1014 4108 1092 4176 quod
1106 4125 1163 4162 non
1178 4115 1249 4173 erat.
1267 4128 1324 4167 non
1340 4120 1478 4172 amittens
1488 4121 1565 4189 quod
1576 4128 1648 4178 erat.
1660 4124 1710 4180 llis
1722 4128 1834 4200 nuptiis

1014 4178 1077 4233 ciali
1094 4195 1198 4261 novam
1213 4181 1339 4247 stellam,
1350 4201 1452 4242 novum
1476 4194 1563 4259 atque
1576 4192 1763 4265 splendidum
1788 4200 1836 4254 lu·

1015 4266 1080 4304 men
1096 4249 1146 4305 illo
1161 4268 1224 4322 ipso
1239 4270 1347 4324 sponso
1362 4257 1391 4311 iii
1414 4275 1445 4313 se
1460 4268 1596 4332 operante
1611 4267 1786 4336 producunt,
1803 4274 1837 4329 nt

1013 4319 1112 4376 lumen
1127 4338 1227 4377 verum
1243 4326 1414 4384 sedentibus
1436 4329 1464 4385 in
1481 4333 1587 4391 umbra
1600 4338 1703 4393 mortis
1718 4338 1837 4397 nuntia·

1014 4396 1078 4447 rent
1094 4398 1246 4461 nntnm‚et
1262 4397 1350 4452 veluti
1377 4398 1477 4471 lingua
1502 4421 1557 4460 suu
1581 4406 1734 4466 laudarent
1756 4411 1836 4469 huno

1014 4479 1156 4546 sponsum
1173 4467 1388 4547 procedentem,
1402 4486 1489 4541 quem
1505 4476 1635 4533 sciebant
1649 4480 1685 4535 ad
1702 4480 1757 4539 hoo
1771 4500 1837 4540 sus·

1014 4535 1833 4689 tittltttlttmfflllttttilltttlttmlllt·

1665 4640 1719 4677 nv

1013 4677 1184 4733 commoniti
1197 4680 1360 4751 requirnnt,
1379 4685 1470 4740 vocati
1486 4703 1608 4747 munera
1628 4641 1836 4768 offeruggpniiin,

1014 4749 1124 4804 iontem
1140 4755 1242 4805 natum
1254 4753 1379 4810 necdum
1393 4756 1511 4826 quidem
1526 4759 1667 4835 videntes,
1683 4768 1732 4823 sed
1751 4768 1836 4825 stella

1015 4819 1110 4903 indice
1122 4835 1217 4902 regem
1235 4824 1368 4879 adorare‘
1383 4827 1543 4899 cupientes.
1560 4832 1601 4889 Ea
1611 4834 1657 4892 his
1667 4839 1778 4909 nuptiis
1793 4856 1836 4897 re-

1015 4906 1060 4961 gis
1071 4896 1131 4945 nati
1140 4892 1275 4948 turbatus
1283 4895 1418 4963 llerodes,
1443 4903 1583 4960 erturbati
1595 4911 1623 4961 et
1631 4906 1724 4963 iudai
1736 4926 1834 4981 regom

1015 4961 1107 5017 totius
1129 4968 1266 5045 creatura
1288 4983 1344 5023 non
1365 4916 1569 5043 intelligentes:
1588 4979 1693 5048 querit
1707 4978 1835 5038 Herodes

1015 5049 1101 5105 quein
1112 5034 1194 5089 audit
1213 5052 1309 5107 regem
1326 5043 1429 5098 natum
1449 5043 1588 5102 infantem
1605 5048 1724 5119 perdere
1735 5068 1771 5108 ne
1785 5052 1835 5110 illo

1015 5110 1163 5161 crescente
1176 5114 1409 5190 possetregnnm
1427 5116 1569 5181 amittere;
1590 5118 1682 5175 iudai
1704 5122 1837 5182 nolentes

1016 5176 1121 5259 habere
1133 5176 1183 5233 Dei
1196 5178 1299 5237 Filium
1312 5185 1472 5255 regem,ubi
1482 5186 1615 5247 Christus
1626 5194 1837 5251 nacereturlle·

1015 5248 1078 5303 rodi
1090 5250 1226 5319 produnt,
1238 5256 1325 5324 atque
1334 5258 1369 5309 de
1381 5254 1467 5310 unius
1478 5254 1599 5314 inieritis
1616 5279 1683 5318 nece
1692 5270 1838 5323 utrorum·

1016 5334 1072 5392 que
1083 5319 1219 5404 voluntas
1228 5323 1409 5396 astringitur.
1422 5325 1578 5399 Postquam
1590 5331 1717 5391 llerodes
1726 5336 1837 5395 iudeis

1015 5394 1204 5476 pennalibus
1219 5395 1330 5463 didicit,
1344 5395 1533 5455 uhiCliristns
1550 5404 1727 5463 occidendus
1739 5412 1838 5480 possit

1015 5464 1150 5532 inveniri,
1161 5467 1348 5523 vocansadse
1365 5467 1473 5539 atagos,
1490 5475 1606 5544 tempus
1616 5476 1704 5533 abeis
1718 5477 1840 5552 inquisi-

1016 5555 1057 5664 αἱ
1073 5553 1185 5611 Quidam
1206 5556 1281 5615 llas,
1301 5555 1386 5603 minor
1399 5556 1476 5606 l’atre
1489 5572 1582 5610 nonum
1598 5568 1745 5617 construens
1763 5582 1837 5621 muti·

1035 5629 1087 5663 um.

1048 5677 1134 5726 ²liditi
1150 5677 1253 5749 aildnnt
1262 5678 1314 5735 hic,
1329 5682 1487 5744 conceptum,
1497 5684 1570 5750 quod
1584 5688 1660 5743 aliast
1673 5703 1689 5743 a
1702 5692 1767 5749 Νη,

1046 5740 1129 5788 titas.
1146 5741 1449 5807 omittuntredeinptor.

1045 5800 1144 5863 tusi..
1158 5802 1254 5856 uam.
