3908 6128
70 290 110 349 77
802 292 920 355 utrae
940 289 1058 354 UNUS.
1740 296 1782 359 ta

107 425 152 479 17.
169 425 207 479 et
221 422 351 480 absurda
366 421 407 481 ibi
423 423 480 481 dici
495 425 678 483 videbantur.
695 426 807 493 Quibus
822 442 899 483 esse-

69 512 228 570 rentibus?
242 514 352 585 Nempe
368 513 645 587 inimicis,qualibet
660 514 900 587 causa,qualibet

70 601 196 671 ratione,
213 618 271 658 non
288 602 366 659 euim
382 602 437 659 hcc
458 620 537 660 nunc
561 604 714 676 quaeritur,
730 609 828 661 tamen
842 604 898 660 iui-

68 691 162 748 micis.
186 692 259 747 Cum
285 690 422 764 legerem,
448 708 500 765 per
514 709 561 749 ms
575 691 639 766 ipsa
663 693 795 766 cognovi.
819 696 899 749 ttane

69 779 138 836 esti
161 778 251 835 Nulla
274 780 409 836 imbutus
433 782 545 853 poetica
569 781 725 854 disciplina
746 783 899 838 'larentia-

69 884 140 924 num
157 868 296 925 Maurum
321 868 385 927 sina
409 870 551 943 magistro
566 871 710 944 attingere
736 888 793 927 uon
809 870 897 927 audc-

69 972 134 1025 res;
153 959 259 1029 Asper,
282 960 439 1027 Cornutus,
454 958 585 1015 Donatus
609 964 639 1016 et
653 959 702 1015 alii
727 959 898 1016 innumera·

69 1044 140 1101 biles
157 1046 363 1117 requiruntur,
374 1052 406 1102 ut
421 1046 545 1118 quilibet
560 1053 644 1119 poeta
654 1047 748 1120 possit
762 1047 897 1120 intelligi,

68 1134 151 1205 cnjus
169 1133 304 1190 carmina
315 1140 343 1190 et
354 1135 458 1191 theatri
475 1134 597 1207 plausus
614 1136 750 1194 videntur
760 1143 896 1208 captare:

67 1230 94 1277 tu
109 1220 141 1277 in
157 1238 211 1279 cos
237 1222 351 1291 Libros,
368 1222 418 1295 qui
445 1239 565 1297 quoquo
591 1225 678 1282 modo
702 1242 733 1281 se
759 1225 897 1297 habeant,

66 1311 159 1367 sancti
176 1314 278 1367 umen
290 1313 517 1386 divinarumque
532 1329 630 1369 rerum
646 1312 735 1386 pleni,
749 1331 837 1387 prope
852 1319 896 1371 to·

66 1400 122 1455 tius
136 1400 262 1471 generis
276 1397 398 1457 humani
414 1401 598 1457 confessione
613 1402 816 1472 diffamantur,
833 1403 897 1459 sins

66 1488 134 1545 dues
149 1487 257 1554 irruis,
273 1492 302 1545 et
316 1489 352 1545 de
367 1488 414 1545 bis
428 1490 492 1545 sine
511 1494 685 1562 preceptore
714 1492 808 1548 audes
823 1492 897 1548 terre

64 1576 246 1633 sententiam
261 1595 268 1645 ;
285 1593 339 1633 nec
353 1577 377 1633 si
389 1576 440 1633 tibi
457 1577 556 1650 aliqua
570 1584 728 1635 occurrunt
742 1596 807 1651 quas
820 1580 897 1637 vide-

65 1672 152 1721 antur
178 1666 324 1730 absurda,
348 1666 514 1723 tarditatem
538 1671 621 1723 tuam
648 1674 678 1724 et
699 1670 895 1741 putrefactum

64 1754 117 1811 tale
133 1754 231 1827 hujus
248 1754 351 1811 muudi
366 1754 509 1823 animum,
526 1756 622 1828 qualis
641 1758 774 1814 omnium
789 1757 895 1815 stulto·

63 1860 126 1900 rum
143 1848 204 1911 est,
223 1860 348 1900 accusas
371 1844 582 1915 potiusquam
598 1847 713 1917 eosqui
740 1847 896 1905 fortassee

62 1931 176 1990 talibus
191 1932 318 2006 intelligi
330 1933 496 2007 nequeunti
512 1934 796 2009 Quereresaliquem
812 1937 894 2009 pium

63 2021 150 2078 simul
169 2029 200 2077 et
213 2022 347 2089 doctum,
363 2020 407 2077 vel
421 2022 471 2094 qui
484 2022 551 2079 talis
566 2039 631 2080 esse
655 2023 756 2081 multis
771 2042 895 2084 consen·

62 2110 209 2166 tientibus
234 2110 393 2179 diceretur,
409 2110 495 2181 cujus
519 2114 549 2167 at
563 2112 717 2184 praeceptis
743 2112 846 2170 melior
864 2119 894 2171 et

62 2199 197 2257 doctrina
221 2199 346 2272 peritior
366 2199 461 2255 fieres.
477 2198 540 2257 Non
566 2200 648 2257 iacile
673 2201 895 2274 reperiebatur?

62 2292 129 2345 Cum
147 2288 255 2343 labore
263 2287 497 2361 investigaretur.
507 2294 610 2345 Deerat
624 2290 654 2346 in
670 2305 704 2346 ea
714 2295 791 2347 terra
803 2308 893 2364 quam

61 2376 241 2433 incolebas?
255 2377 325 2441 Quae
339 2392 429 2433 causa
444 2376 545 2433 utilius
560 2383 676 2450 cogeret
690 2380 894 2453 peregrinari?

60 2465 88 2522 lu
101 2466 274 2523 continenti
291 2482 413 2537 prorsus
429 2465 546 2537 latebat,
563 2472 615 2522 aut
630 2484 688 2523 non
704 2468 791 2525 erati
807 2470 892 2526 Navi·

59 2560 189 2627 geretur.
208 2554 241 2609 st
258 2554 288 2609 in
311 2554 474 2627 propinquo
489 2559 570 2611 treus
595 2573 674 2612 mare
690 2574 747 2613 non
763 2558 891 2614 invenic-

59 2646 154 2707 butur,
172 2644 397 2717 progredereris
412 2660 504 2715 usque
526 2645 562 2701 ad
579 2643 645 2701 illas
660 2650 763 2717 terras,
780 2646 809 2702 in
826 2648 892 2719 qui·

59 2733 109 2791 hus
123 2750 163 2789 ea
178 2750 251 2805 quae
266 2731 324 2788 illis
345 2732 441 2789 Libris
455 2733 652 2801 continentur,
668 2740 751 2807 gesta
765 2750 830 2791 esse
845 2735 892 2791 di·

59 2828 178 2879 eantur.
206 2820 286 2888 Quid
313 2820 370 2876 tals
394 2820 529 2890 lecimus,
544 2821 717 2879 llonoratei
732 2824 766 2879 Et
793 2828 891 2881 tamen

59 2910 238 2983 religionem
270 2910 393 2967 tortasse
427 2910 645 2968 sanctissimam
679 2912 786 2984 (adbuc
812 2914 891 2969 cuim

60 3000 143 3075 qnasi
161 2999 366 3055 dubitandum
382 2999 421 3055 sit
436 2999 560 3074 loquor),
577 3002 661 3072 ctrjus
685 3001 783 3073 opinio
797 3007 891 3059 totum

58 3092 114 3163 lem
138 3094 296 3145 terrarum
321 3087 422 3144 orbem
445 3090 606 3161 occupavit,
627 3090 783 3146 miserrimi
809 3092 891 3164 pueri

61 3194 107 3250 pro
122 3182 234 3234 nostro
256 3176 375 3233 arbitrio
386 3176 558 3249 judicioque
572 3177 786 3235 damnavimus.
803 3180 889 3248 Quid,

60 3265 150 3323 aiilla
166 3281 238 3337 quan
253 3263 410 3321 nonnullos
424 3262 575 3338 imperitos
591 3266 620 3322 in
631 3266 743 3324 eisdem
758 3267 891 3340 Scriptu-

59 3354 95 3411 ris
107 3354 258 3410 videntur
280 3353 437 3425 offendere,
452 3369 485 3411 en
501 3360 573 3411 suut
598 3354 638 3412 ita
652 3356 757 3428 posita,
774 3360 807 3411 ut
821 3372 889 3412 cum

58 3458 99 3501 rea
123 3440 328 3499 abhorrentes
352 3458 370 3498 a
393 3458 482 3499 sensu
506 3440 770 3515 qualiumcumque
793 3443 889 3501 homi·

58 3546 136 3599 num,
152 3531 271 3587 nedum
298 3530 488 3602 prudentium
503 3538 591 3604 atque
614 3537 793 3599 sanctorum,
811 3530 889 3607 lege·

58 3624 167 3688 matur,
184 3622 332 3676 secretam
358 3618 600 3690 significationem
618 3618 712 3675 multo
726 3619 890 3677 studiosius

59 3706 286 3781 quereremus?
300 3706 402 3764 Nonne
416 3707 521 3773 cernis,
535 3711 567 3763 ut
585 3706 760 3763 Catamitum
778 3708 888 3765 Bucoli-

59 3814 158 3854 corum
173 3798 197 3865 ¹,
214 3796 265 3853 cui
280 3800 382 3868 pastor
396 3796 487 3852 durus
502 3796 625 3863 stttuxtt,
638 3799 780 3852 conentur
794 3796 888 3853 bomi-

59 3902 106 3942 nes
120 3884 329 3957 interpretari,
344 3888 373 3940 et
389 3883 501 3940 Alexim
519 3900 659 3956 puerum,
674 3885 702 3940 in
718 3900 805 3956 quem
821 3884 889 3941 Pla·

58 3978 86 4030 to
98 3974 193 4031 etiam
210 3988 332 4028 carmen
348 3971 522 4029 amatorium
538 3972 641 4029 iecisse
656 3973 774 4041 dicitur,
789 3974 889 4031 neseio

60 4063 127 4133 quid
148 4077 297 4133 magnum
321 4060 495 4133 significare,
516 4060 567 4117 sed
584 4060 787 4134 imperitorum
807 4062 888 4133 judi-

60 4150 134 4205 cium
163 4149 269 4221 fugere
290 4148 458 4217 affirment3
484 4165 550 4205 cum
573 4149 636 4206 siue
651 4148 709 4205 ullo
735 4150 888 4223 sacrilegio

61 4244 142 4311 poeta
157 4237 330 4293 uberrimus
344 4236 435 4295 videri
449 4236 542 4310 possit
566 4236 738 4295 libidinosas
752 4238 888 4294 cantiun-

60 4325 138 4383 culas
152 4325 313 4383 edidisse?

91 4416 137 4471 te.
153 4414 214 4470 Sed
230 4430 330 4469 revera
344 4413 497 4470 revocabat
512 4428 565 4470 nos
579 4418 667 4486 etque
681 4414 855 4485 prohibebat
871 4431 888 4471 a

59 4503 229 4575 quaerendo,
242 4506 294 4558 aut
308 4501 435 4574 alicujus
449 4501 522 4575 legis
534 4502 656 4569 sanctio,
668 4506 719 4557 nut
734 4504 889 4559 adversan-

60 4592 131 4647 tium
149 4589 297 4663 potentia,
313 4595 364 4646 aut
378 4590 585 4647 sacratorum²
606 4606 731 4662 persona
745 4590 822 4658 vilis,
838 4594 889 4646 aut

60 4680 134 4737 lama
152 4678 266 4751 turpis,
281 4682 333 4734 aut
347 4678 544 4736 institutionis
559 4678 683 4746 novitas,
699 4683 750 4734 aut
774 4678 889 4735 occulta

61 4768 206 4841 protessio
217 4766 233 4823 i
246 4765 324 4822 Nihil
348 4766 455 4823 herum
470 4771 524 4823 cst.
550 4767 656 4824 Omnia
669 4766 767 4823 diviua
790 4772 819 4823 et
833 4767 888 4822 bu·

61 4874 147 4915 mana
159 4858 236 4927 jura
249 4855 424 4927 permittunt
438 4873 568 4929 querere
591 4854 764 4913 catholicam
780 4856 888 4925 lidem3

61 4953 159 5004 tenere
175 4950 277 5002 autem
291 4949 320 5001 et
334 4943 438 5017 colere,
454 4962 505 5019 per
519 4944 682 5001 humanum
699 4949 776 5001 certe
787 4946 839 5017 jus
853 4945 889 5001 li·

62 5042 113 5101 cet,
130 5036 159 5091 si
176 5035 214 5090 de
230 5032 330 5089 divino
344 5033 485 5105 quamdiu
501 5048 644 5103 erramus,
661 5034 804 5090 incertum
820 5039 865 5091 cst
881 5051 888 5092 τ

63 5138 147 5179 nemo
164 5119 397 5177 imbecillitatem
408 5125 538 5177 nestram
550 5120 892 5193 terretinimicustquau·

62 5226 153 5283 qnam
168 5208 279 5265 veritas
295 5212 381 5280 atque
392 5209 496 5266 anima
510 5207 591 5265 salus
606 5208 632 5265 si
645 5208 801 5281 diligenter
816 5226 892 5282 que·

62 5300 129 5367 alta,
148 5297 201 5355 ubi
229 5298 379 5354 tutissime
403 5298 481 5367 linet,
496 5298 614 5355 iuventa
628 5315 685 5355 uon
710 5298 808 5367 luerit,
823 5313 891 5355 cum

62 5389 167 5461 quovis
181 5386 356 5443 discrimine
380 5388 471 5460 quari
486 5386 620 5459 dabent);
645 5387 778 5443 omnium
794 5387 892 5460 digni·

61 5482 158 5533 tatum
174 5480 205 5533 ct
221 5479 399 5549 potestatum
413 5477 533 5549 gradus,
545 5474 613 5532 huic
629 5475 728 5532 divino
742 5474 835 5533 cultui
847 5478 894 5534 de·

93 5580 203 5639 ¹sdttt,
230 5578 386 5630 Catamitum
410 5579 611 5641 deminuerit
634 5583 707 5641 lisa,
735 5582 893 5635 catamitum

65 5644 255 5695 Bucolicorum.
279 5642 424 5695 catamitus
437 5644 489 5703 hic,
505 5658 558 5709 quo
578 5645 686 5695 numine
707 5658 775 5707 puer
788 5649 895 5698 merito·

63 5709 121 5759 rius
148 5710 272 5765 vocatur,
296 5705 486 5781 intedigendna
507 5708 565 5819 ipse
581 5708 671 5761 Alexis
693 5721 770 5772 puer,
785 5709 819 5761 de
839 5722 894 5775 quo

65 5770 96 5823 v·
131 5768 392 5831 '‘mmflncoltere,
406 5768 497 5835 Eclog.
528 5804 536 5820 .

96 5834 109 5873 ²
137 5844 203 5887 nne
219 5830 397 5885 munna
413 5830 506 5895 wdsx,
519 5832 679 5885 metm.

953 423 1103 480 votissima
1114 423 1298 495 inserviunt3
1313 424 1559 483 honestissimum
1571 430 1616 483 est
1629 427 1783 503 religionis

954 528 1072 581 nomen,
1088 519 1118 569 et
1132 514 1404 584 praeclarissimum.
1422 516 1496 581 Quid
1524 516 1649 589 impedit
1663 518 1782 575 taudem

955 601 1132 672 perscrutari
1148 604 1237 673 atquc
1247 602 1392 659 discutere
1407 605 1455 675 pia
1470 609 1498 660 et
1508 604 1611 660 sedula
1623 603 1782 679 investiga-

954 688 1043 759 tione,
1061 693 1159 745 utrum
1176 690 1224 745 iric
1239 691 1276 748 sit
1291 691 1365 746 illud
1382 692 1458 763 quod
1480 693 1680 749 sincerissime
1694 709 1782 753 nosse

954 781 983 833 et
998 777 1145 835 custodire
1160 796 1269 852 paucos
1294 796 1413 836 necesso
1435 786 1490 851 est,
1505 782 1622 838 etiamsi
1645 782 1779 841 omnium

953 863 984 921 in
1000 866 1028 922 id
1044 868 1177 939 gentium
1190 868 1325 925 voluntas
1341 869 1479 941 levnrquc
1493 870 1667 942 conspirati

991 955 1033 1009 19.
1051 958 1118 1023 Qua
1134 973 1201 1013 cum
1217 958 1258 1013 itu
1273 960 1345 1026 sint,
1362 958 1405 1014 isc
1421 974 1486 1023 uns,
1498 962 1529 1013 ut
1545 957 1703 1026 dixi,nunc
1718 960 1776 1033 pri·

954 1058 1036 1099 mum
1065 1062 1194 1115 querere
1218 1047 1336 1102 cuinam
1362 1045 1493 1119 religioni
1521 1047 1636 1103 animas
1660 1054 1775 1105 nostras

953 1133 1122 1203 purgandas
1137 1136 1404 1207 instaurandasque
1417 1136 1569 1191 tradamus
1583 1151 1590 1190 ε
1605 1135 1705 1209 procul
1721 1137 1775 1193 du·

953 1219 1000 1276 bio
1015 1238 1033 1277 a
1046 1222 1187 1278 catholica
1202 1222 1331 1280 Ecclesia
1340 1224 1517 1280 sumendum
1532 1224 1696 1279 exordium.
1708 1224 1775 1280 Plu·

953 1325 999 1366 res
1020 1310 1098 1365 enim
1111 1311 1174 1381 Jam
1190 1310 1350 1368 Christiani
1375 1319 1455 1383 suut,
1472 1328 1567 1384 quam
1583 1311 1608 1369 si
1631 1311 1726 1369 iudei
1740 1312 1783 1371 si-

952 1398 1151 1455 mulacrorum
1177 1400 1341 1457 cultoribus
1371 1402 1580 1472 adjungantur.
1602 1401 1781 1461 llnrumdem

952 1490 1051 1543 autem
1072 1487 1316 1561 Christianorum,
1342 1505 1411 1545 eum
1436 1489 1495 1545 siut
1519 1488 1644 1546 hareses
1668 1488 1779 1562 plures,

954 1580 1043 1647 atque
1059 1592 1162 1633 omnes
1178 1594 1210 1633 se
1233 1576 1393 1635 catholicos
1416 1577 1509 1634 velint
1531 1577 1631 1646 videri,
1647 1578 1781 1652 aliosque

951 1668 1057 1735 praeter
1072 1681 1103 1721 sc
1119 1666 1270 1723 hereticos
1287 1666 1450 1733 nominent,
1462 1684 1521 1722 una
1534 1672 1579 1723 est
1594 1667 1733 1737 Ecclesia,
1745 1672 1780 1725 ut
1871 1696 1874 1701 ·

950 1767 1053 1809 omnes
1068 1755 1252 1821 conceduut;
1268 1755 1293 1811 si
1308 1760 1402 1812 totum
1418 1756 1519 1812 orbem
1534 1754 1712 1827 consideres,
1729 1772 1776 1812 re·

950 1839 1050 1897 fertior
1069 1841 1274 1912 multitudine;
1292 1849 1323 1900 ut
1339 1848 1437 1901 autem
1462 1844 1512 1917 qui
1529 1849 1670 1901 noverunt
1695 1845 1776 1901 altir-

949 1934 1040 1998 mant‚
1066 1930 1154 1987 etiam
1178 1933 1299 1989 veritate
1323 1934 1464 1989 sincerior
1487 1933 1597 1991 ceteris
1623 1934 1772 1991 omnibus.

947 2019 1001 2075 Sed
1017 2020 1053 2075 de
1067 2019 1188 2077 veritate
1203 2021 1261 2077 alie
1276 2021 1398 2094 questio
1408 2026 1453 2078 est
1469 2038 1476 2076 ε
1492 2022 1570 2095 quod
1585 2028 1683 2079 autem
1694 2039 1773 2096 qus·

947 2106 1080 2165 rentibus
1096 2109 1166 2166 satis
1187 2114 1242 2177 est,
1259 2127 1318 2167 una
1341 2114 1386 2168 est
1400 2109 1557 2179 catholica,
1573 2112 1621 2168 eui
1644 2112 1771 2172 hareses

947 2196 1009 2252 alie
1025 2198 1140 2254 diversa
1155 2198 1275 2255 nomina
1295 2201 1461 2273 imponunt,
1477 2216 1544 2256 cum
1560 2200 1629 2273 ipsa
1645 2203 1771 2276 singulm

947 2286 1072 2358 propriis
1096 2287 1255 2356 vocabulis,
1272 2306 1335 2361 que
1358 2305 1464 2362 negare
1484 2305 1541 2346 non
1568 2291 1705 2360 audeant,
1722 2308 1771 2367 ap-

947 2375 1101 2446 pellentur.
1116 2377 1155 2431 Ex
1176 2394 1234 2449 quo
1250 2378 1371 2451 intelligi
1395 2379 1492 2449 datur,
1505 2378 1707 2448 judicantibus
1723 2397 1769 2437 ar·

946 2462 1030 2520 bitris
1050 2482 1123 2536 quos
1139 2464 1220 2521 nulla
1244 2465 1366 2539 impedit
1379 2466 1483 2539 gratia,
1501 2466 1548 2523 cui
1563 2468 1622 2523 sit¹
1648 2469 1770 2526 catholi-

945 2568 1012 2607 cum
1029 2570 1146 2625 nomen,
1158 2555 1194 2609 ed
1205 2555 1283 2626 quod
1299 2572 1401 2612 omnes
1412 2556 1557 2626 ambiunt,
1570 2556 1769 2614 tribuendum.

944 2641 999 2697 Sed
1015 2658 1051 2697 ne
1066 2642 1094 2696 id
1111 2641 1318 2714 loquacissime
1331 2649 1383 2699 irut
1397 2645 1544 2717 supcrlluo
1556 2645 1702 2717 quispiam
1714 2646 1773 2704 dis·

945 2730 1102 2786 serendum
1129 2736 1220 2804 putet,
1239 2749 1298 2788 una
1312 2736 1356 2787 est
1380 2738 1467 2800 certe,
1483 2732 1513 2787 in
1529 2749 1587 2804 que
1602 2732 1673 2806 ipsae
1697 2752 1769 2807 quo·

945 2818 1012 2873 dem
1029 2819 1218 2875 modoetiam
1247 2818 1381 2875 bonisne
1408 2819 1485 2893 leges
1500 2820 1665 2877 ohesrtanae
1688 2826 1768 2879 suut.

944 2906 1063 2962 Nullum
1079 2924 1132 2979 ego
1147 2908 1216 2964 binc
1233 2909 1435 2981 praejudicium
1453 2909 1513 2966 fieri
1529 2908 1605 2980 volo,
1623 2911 1674 2966 sed
1688 2928 1770 2967 crer-

943 2996 1024 3052 dium
1040 2998 1187 3069 quarendi
1199 2999 1598 3070 opportunissimumjudico.
1612 2999 1672 3057 Non
1689 3001 1768 3059 euim

945 3085 1133 3141 metuendum
1149 3091 1194 3141 est
1215 3102 1252 3142 ne
1266 3104 1352 3142 verus
1367 3086 1417 3141 Dei
1434 3086 1531 3143 cultus
1547 3087 1626 3144 uullo
1650 3089 1768 3161 proprio

943 3172 1045 3228 robore
1060 3173 1189 3239 innixus,
1201 3175 1237 3229 ab
1253 3174 1295 3230 eis
1311 3191 1384 3247 quos
1401 3173 1502 3231 tulcirs
1513 3176 1625 3247 dabam,
1642 3176 1768 3235 iuloieu-

942 3260 998 3316 dus
1021 3277 1086 3318 esse
1108 3262 1264 3318 videatur:
1289 3263 1340 3318 sed
1364 3267 1441 3319 certe
1462 3263 1595 3337 periente
1620 3263 1767 3323 felicitatis

941 3353 996 3417 est,
1013 3349 1038 3405 si
1053 3350 1180 3422 potuerit
1190 3350 1231 3407 ibi
1247 3367 1347 3406 verum
1359 3350 1493 3423 inveniri,
1510 3350 1557 3407 ubi
1573 3356 1601 3409 et
1614 3352 1767 3425 inquisitio

941 3437 1006 3509 ejus
1020 3442 1049 3494 et
1060 3438 1181 3495 retentio
1206 3440 1410 3496 securrissima
1424 3443 1470 3497 est
1485 3457 1492 3495 :
1508 3440 1531 3497 si
1548 3456 1606 3498 nou
1628 3442 1766 3515 potuerit,

941 3529 1004 3582 tum
1021 3527 1139 3583 demum
1157 3527 1226 3595 ulio,
1241 3544 1428 3601 quocumque
1443 3528 1583 3601 periculo,
1599 3530 1767 3588 adeundum

940 3619 1024 3687 atque
1039 3616 1219 3671 rimandum.

976 3703 1091 3761 CAPUT
1106 3703 1181 3760 Vlll.
1194 3735 1229 3746 -
1245 3704 1290 3760 20.
1306 3705 1365 3773 Qua
1374 3706 1543 3779 Augustinus
1553 3707 1599 3763 vie
1613 3709 1716 3763 voveri
1729 3707 1768 3765 ott

939 3792 1104 3849 catholicum
1124 3792 1298 3862 religionem.
1315 3791 1366 3851 llis
1389 3793 1480 3865 igitur
1494 3794 1674 3863 constitutis,
1689 3812 1765 3869 quer,

940 3885 973 3937 ut
988 3881 1102 3953 opinor,
1114 3881 1155 3937 ita
1165 3882 1249 3953 justa
1261 3888 1341 3951 sunt,
1355 3886 1389 3938 ut
1399 3884 1529 3940 obtinere
1543 3884 1620 3955 apud
1635 3888 1663 3940 te
1678 3884 1766 3941 istam

939 3985 1059 4026 cerream
1075 3970 1179 4042 quovis
1199 3970 1367 4027 adversario
1393 3971 1527 4041 debeam,
1542 3972 1627 4028 edam
1652 3972 1717 4044 tibi,
1733 3976 1767 4030 ut

939 4075 1071 4131 possum,
1084 4059 1249 4131 quusmodi
1264 4059 1341 4116 viam
1355 4076 1427 4116 usus
1442 4059 1559 4129 meum,
1570 4077 1636 4117 cum
1653 4078 1686 4118 eo
1700 4061 1764 4118 ani·

939 4164 988 4204 mn
1003 4163 1162 4219 quaererem
1175 4164 1272 4203 veram
1288 4148 1468 4222 religionem,
1480 4164 1538 4221 quo
1549 4166 1627 4206 nunc
1641 4150 1764 4223 exposui

939 4250 1003 4293 esse
1018 4237 1215 4308 querendam.
1238 4236 1275 4293 Ut
1289 4237 1367 4293 cuim
1382 4254 1400 4294 a
1413 4237 1496 4295 voble
1518 4242 1600 4294 trans
1615 4255 1695 4295 mare
1710 4240 1762 4296 ab·

939 4324 1025 4393 cassi,
1036 4325 1099 4396 jam
1116 4325 1339 4381 cunctabundus
1354 4330 1441 4398 atque
1457 4325 1605 4397 hesitans,
1622 4328 1691 4400 quid
1708 4328 1762 4384 mi·

939 4413 970 4469 hi
987 4414 1158 4481 tenendum,
1175 4414 1245 4487 quid
1269 4414 1477 4472 dimittendum
1494 4422 1572 4472 esset
1585 4433 1592 4471 :
1606 4433 1670 4488 quae
1688 4415 1762 4474 mihi

940 4504 1086 4559 cunctatio
1103 4504 1133 4558 in
1148 4503 1210 4559 dics
1230 4503 1325 4574 mmor
1339 4503 1533 4573 oboriebatur,
1549 4521 1584 4561 sx
1605 4522 1662 4577 quo
1677 4504 1761 4562 illum

939 4591 1090 4647 hominem
1106 4591 1157 4663 (a),
1174 4592 1259 4662 cujus
1281 4590 1366 4647 uobis
1387 4593 1540 4660 adventus,
1566 4596 1599 4649 ut
1613 4592 1701 4663 nosti,
1725 4593 1762 4651 ad

939 4679 1112 4753 explicanda
1135 4680 1234 4736 omnla
1261 4697 1324 4753 que
1351 4697 1403 4737 uos
1428 4681 1594 4750 movebant,
1620 4682 1705 4754 quasi
1729 4683 1765 4741 de

940 4768 1011 4827 cmlo
1026 4769 1263 4842 promittebatur,
1274 4769 1371 4825 audivi
1387 4794 1394 4839 ;
1409 4786 1547 4841 eumque,
1559 4777 1679 4843 excepta
1693 4788 1764 4844 qua·

940 4860 1006 4915 dam
1023 4858 1199 4931 eloquentia,
1216 4857 1305 4914 talem
1326 4857 1428 4932 quales
1443 4864 1563 4916 ceteros
1584 4876 1649 4917 esse
1662 4876 1767 4934 cogno·

940 4947 967 5004 vi
985 4965 992 5003 ε
1009 4946 1153 5003 rationem
1168 4946 1231 5020 ipse
1249 4963 1364 5004 mecum
1381 4947 1470 5003 habui
1485 4964 1683 5022 magnamque
1698 4947 1767 5005 deli·

941 5034 1120 5092 berationcm
1134 5035 1196 5107 jam
1222 5035 1252 5090 in
1267 5034 1352 5092 Italia
1379 5037 1569 5104 constitutus,
1586 5054 1643 5093 non
1667 5040 1765 5093 utrum

942 5140 1089 5181 manerem
1104 5124 1133 5180 in
1153 5124 1204 5181 illa
1220 5128 1309 5191 secta,
1327 5123 1356 5179 in
1382 5141 1471 5196 qnam
1492 5142 1538 5182 ms
1554 5126 1692 5181 incidisse
1706 5141 1766 5198 poe·

944 5212 1069 5281 nitebat,
1092 5215 1142 5270 sed
1168 5229 1296 5285 quonam
1322 5214 1408 5271 modo
1433 5231 1534 5271 verum
1561 5214 1768 5270 inveniendum

942 5305 1029 5369 esset,
1045 5302 1075 5357 iu
1090 5304 1175 5374 cujus
1194 5317 1324 5357 amorem
1340 5301 1468 5375 suspiria
1494 5316 1560 5357 mea
1575 5300 1648 5357 nulli
1664 5302 1770 5359 melius

944 5406 1032 5463 quam
1056 5391 1108 5447 tibi
1137 5393 1205 5447 note
1234 5395 1313 5447 suut.
1329 5390 1410 5464 Saepe
1438 5390 1511 5446 mibi
1533 5389 1686 5448 videbatur
1710 5407 1768 5449 non

945 5495 1032 5554 pesae
1067 5478 1199 5547 inveniri,
1229 5479 1390 5552 magnique
1428 5478 1535 5535 lluctus
1563 5479 1770 5552 cogitationem

947 5584 1079 5626 mearum
1094 5567 1124 5625 in
1138 5567 1380 5625 Academicorum
1397 5567 1571 5641 suffragium
1592 5568 1770 5629 ferebantur.

979 5774 988 5811 ¹
1003 5770 1133 5825 Nonnulli
1147 5770 1224 5837 lisa,
1240 5772 1314 5851 quod
1324 5774 1348 5827 ei
1362 5773 1408 5829 sit.

975 5838 1011 5906 (a)
1027 5838 1171 5908 Faustum,
1186 5852 1221 5897 ex
1234 5838 1289 5896 te.
1303 5844 1321 5899 t
1333 5840 1476 5919 mutam,
1488 5854 1553 5913 cap.
1565 5844 1599 5904 tt
