<?xml version="1.0" encoding="UTF-8"?>
<!DOCTYPE html PUBLIC "-//W3C//DTD XHTML 1.0 Transitional//EN"
    "http://www.w3.org/TR/xhtml1/DTD/xhtml1-transitional.dtd">
<html xmlns="http://www.w3.org/1999/xhtml" xml:lang="en" lang="en">
 <head>
  <title>
</title>
<meta http-equiv="Content-Type" content="text/html;charset=utf-8" />
  <meta name='ocr-system' content='tesseract 3.04.00' />
  <meta name='ocr-capabilities' content='ocr_page ocr_carea ocr_par ocr_line ocrx_word'/>
</head>
<body>
  <div class='ocr_page' id='page_1' title='image "./patrologiaecurs01migngoog_0266.png"; bbox 0 0 3886 6270; ppageno 0'>
   <div class='ocr_carea' id='block_1_1' title="bbox 64 528 1770 604">
    <p class='ocr_par' dir='ltr' id='par_1_1' title="bbox 64 528 1770 604">
     <span class='ocr_line' id='line_1_1' title="bbox 64 528 1770 604; baseline 0.001 -7"><span class='ocrx_word' id='word_1_1' title='bbox 64 537 116 598; x_wconf 80' lang='lat' dir='ltr'><strong><em>stt</em></strong></span> <span class='ocrx_word' id='word_1_2' title='bbox 261 533 315 597; x_wconf 70' lang='lat' dir='ltr'><strong><em>DE</em></strong></span> <span class='ocrx_word' id='word_1_3' title='bbox 336 530 448 598; x_wconf 77' lang='lat' dir='ltr'><strong><em>Acris</em></strong></span> <span class='ocrx_word' id='word_1_4' title='bbox 468 530 551 597; x_wconf 79' lang='lat' dir='ltr'><strong><em>ooli</em></strong></span> <span class='ocrx_word' id='word_1_5' title='bbox 573 531 712 595; x_wconf 64' lang='lat' dir='ltr'><strong><em>leutico</em></strong></span> <span class='ocrx_word' id='word_1_6' title='bbox 734 528 965 604; x_wconf 78' lang='lat' dir='ltr'><strong><em>MANIGHAEO,</em></strong></span> <span class='ocrx_word' id='word_1_7' title='bbox 982 528 1016 591; x_wconf 88' lang='lat' dir='ltr'><strong><em>S.</em></strong></span> <span class='ocrx_word' id='word_1_8' title='bbox 1040 530 1255 595; x_wconf 76' lang='lat' dir='ltr'><strong><em>ADoDsrllll</em></strong></span> <span class='ocrx_word' id='word_1_9' title='bbox 1276 530 1393 596; x_wconf 75' lang='lat' dir='ltr'><strong><em>umus</em></strong></span> <span class='ocrx_word' id='word_1_10' title='bbox 1413 532 1576 599; x_wconf 71' lang='lat' dir='ltr'><strong><em>baltius.</em></strong></span> <span class='ocrx_word' id='word_1_11' title='bbox 1710 538 1770 598; x_wconf 66' lang='lat'><strong><em>522</em></strong></span> 
     </span>
    </p>
   </div>
   <div class='ocr_carea' id='block_1_2' title="bbox 10 662 1773 5639">
    <p class='ocr_par' dir='ltr' id='par_1_2' title="bbox 10 662 1773 5639">
     <span class='ocr_line' id='line_1_2' title="bbox 63 662 1770 741; baseline 0.002 -17"><span class='ocrx_word' id='word_1_12' title='bbox 63 670 131 726; x_wconf 84' lang='lat' dir='ltr'><strong><em>Tune</em></strong></span> <span class='ocrx_word' id='word_1_13' title='bbox 144 666 256 740; x_wconf 83' lang='lat' dir='ltr'><strong><em>aperuit</em></strong></span> <span class='ocrx_word' id='word_1_14' title='bbox 266 667 326 723; x_wconf 83' lang='lat' dir='ltr'><strong><em>illis</em></strong></span> <span class='ocrx_word' id='word_1_15' title='bbox 335 682 458 738; x_wconf 75' lang='lat' dir='ltr'><strong><em>sorsum,</em></strong></span> <span class='ocrx_word' id='word_1_16' title='bbox 469 669 500 723; x_wconf 89' lang='lat' dir='ltr'><strong><em>ut</em></strong></span> <span class='ocrx_word' id='word_1_17' title='bbox 511 666 701 740; x_wconf 84' lang='lat' dir='ltr'><strong><em>intelliperent</em></strong></span> <span class='ocrx_word' id='word_1_18' title='bbox 708 664 891 737; x_wconf 74' lang='lat' dir='ltr'><strong><em>Scripturas:</em></strong></span> <span class='ocrx_word' id='word_1_19' title='bbox 944 662 1074 735; x_wconf 77' lang='lat' dir='ltr'><strong><em>vipintilz</em></strong></span> <span class='ocrx_word' id='word_1_20' title='bbox 1094 666 1153 721; x_wconf 82' lang='lat' dir='ltr'><strong><em>Viri</em></strong></span> <span class='ocrx_word' id='word_1_21' title='bbox 1166 667 1276 737; x_wconf 75' lang='lat' dir='ltr'><strong><em>fratres,</em></strong></span> <span class='ocrx_word' id='word_1_22' title='bbox 1287 670 1390 738; x_wconf 88' lang='lat' dir='ltr'><strong><em>oportet</em></strong></span> <span class='ocrx_word' id='word_1_23' title='bbox 1398 666 1548 741; x_wconf 88' lang='lat' dir='ltr'><strong><em>adimpleri</em></strong></span> <span class='ocrx_word' id='word_1_24' title='bbox 1556 670 1722 741; x_wconf 72' lang='lat' dir='ltr'><strong><em>scripturam</em></strong></span> <span class='ocrx_word' id='word_1_25' title='bbox 1731 673 1770 728; x_wconf 90' lang='lat' dir='ltr'><strong><em>is-</em></strong></span> 
     </span>
     <span class='ocr_line' id='line_1_3' title="bbox 60 755 1772 830; baseline 0.001 -15"><span class='ocrx_word' id='word_1_26' title='bbox 60 767 84 815; x_wconf 90' lang='lat' dir='ltr'><strong><em>et</em></strong></span> <span class='ocrx_word' id='word_1_27' title='bbox 98 757 172 815; x_wconf 75' lang='lat' dir='ltr'><strong><em>diest</em></strong></span> <span class='ocrx_word' id='word_1_28' title='bbox 185 758 236 829; x_wconf 87' lang='lat' dir='ltr'><strong><em>eis,</em></strong></span> <span class='ocrx_word' id='word_1_29' title='bbox 252 758 394 830; x_wconf 80' lang='lat' dir='ltr'><strong><em>Quoniam</em></strong></span> <span class='ocrx_word' id='word_1_30' title='bbox 404 758 651 828; x_wconf 87' lang='lat' dir='ltr'><strong><em>sioscriptumest,</em></strong></span> <span class='ocrx_word' id='word_1_31' title='bbox 662 762 689 812; x_wconf 90' lang='lat' dir='ltr'><strong><em>et</em></strong></span> <span class='ocrx_word' id='word_1_32' title='bbox 698 756 738 811; x_wconf 90' lang='lat' dir='ltr'><strong><em>sic</em></strong></span> <span class='ocrx_word' id='word_1_33' title='bbox 748 755 891 827; x_wconf 77' lang='lat' dir='ltr'><strong><em>oportebat</em></strong></span> <span class='ocrx_word' id='word_1_34' title='bbox 945 758 1014 824; x_wconf 88' lang='lat' dir='ltr'><strong><em>tam,</em></strong></span> <span class='ocrx_word' id='word_1_35' title='bbox 1032 755 1260 826; x_wconf 79' lang='lat' dir='ltr'><strong><em>quamprsediuit</em></strong></span> <span class='ocrx_word' id='word_1_36' title='bbox 1271 755 1392 829; x_wconf 84' lang='lat' dir='ltr'><strong><em>Spiritus</em></strong></span> <span class='ocrx_word' id='word_1_37' title='bbox 1402 761 1514 815; x_wconf 88' lang='lat' dir='ltr'><strong><em>sanetas</em></strong></span> <span class='ocrx_word' id='word_1_38' title='bbox 1523 773 1570 815; x_wconf 88' lang='lat' dir='ltr'><strong><em>ors</em></strong></span> <span class='ocrx_word' id='word_1_39' title='bbox 1582 761 1672 816; x_wconf 90' lang='lat' dir='ltr'><strong><em>sancti</em></strong></span> <span class='ocrx_word' id='word_1_40' title='bbox 1685 759 1772 817; x_wconf 87' lang='lat' dir='ltr'><strong><em>Dauid</em></strong></span> 
     </span>
     <span class='ocr_line' id='line_1_4' title="bbox 65 841 1773 920; baseline 0.002 -17"><span class='ocrx_word' id='word_1_41' title='bbox 65 847 203 903; x_wconf 71' lang='lat' dir='ltr'><strong><em>Christum</em></strong></span> <span class='ocrx_word' id='word_1_42' title='bbox 211 849 272 918; x_wconf 90' lang='lat' dir='ltr'><strong><em>pati</em></strong></span> <span class='ocrx_word' id='word_1_43' title='bbox 279 846 612 918; x_wconf 70' lang='lat' dir='ltr'><strong><em>erreturperearnortnrs</em></strong></span> <span class='ocrx_word' id='word_1_44' title='bbox 622 844 666 901; x_wconf 89' lang='lat' dir='ltr'><strong><em>die</em></strong></span> <span class='ocrx_word' id='word_1_45' title='bbox 676 846 766 912; x_wconf 87' lang='lat' dir='ltr'><strong><em>tertio,</em></strong></span> <span class='ocrx_word' id='word_1_46' title='bbox 777 851 804 900; x_wconf 89' lang='lat' dir='ltr'><strong><em>et</em></strong></span> <span class='ocrx_word' id='word_1_47' title='bbox 815 856 890 916; x_wconf 77' lang='lat' dir='ltr'><strong><em>prae·</em></strong></span> <span class='ocrx_word' id='word_1_48' title='bbox 944 841 977 897; x_wconf 82' lang='lat' dir='ltr'><strong><em>ds</em></strong></span> <span class='ocrx_word' id='word_1_49' title='bbox 986 842 1068 910; x_wconf 83' lang='lat' dir='ltr'><strong><em>tuda,</em></strong></span> <span class='ocrx_word' id='word_1_50' title='bbox 1081 844 1131 915; x_wconf 85' lang='lat' dir='ltr'><strong><em>qai</em></strong></span> <span class='ocrx_word' id='word_1_51' title='bbox 1137 844 1327 916; x_wconf 75' lang='lat' dir='ltr'><strong><em>taitdedurtor</em></strong></span> <span class='ocrx_word' id='word_1_52' title='bbox 1336 846 1773 920; x_wconf 80' lang='lat' dir='ltr'><strong><em>illorumpuieomprebenderunt</em></strong></span> 
     </span>
     <span class='ocr_line' id='line_1_5' title="bbox 58 933 1773 1010; baseline 0.001 -17"><span class='ocrx_word' id='word_1_53' title='bbox 58 934 892 1008; x_wconf 83' lang='lat' dir='ltr'><strong><em>dicariinnomineejuspoenitenliametremissionempecca·</em></strong></span> <span class='ocrx_word' id='word_1_54' title='bbox 944 933 1396 1004; x_wconf 80' lang='lat' dir='ltr'><strong><em>lesum,quoniamannumeratus</em></strong></span> <span class='ocrx_word' id='word_1_55' title='bbox 1405 939 1773 1010; x_wconf 81' lang='lat' dir='ltr'><strong><em>eratiniernos,quiltabuit</em></strong></span> 
     </span>
     <span class='ocr_line' id='line_1_6' title="bbox 55 1021 1772 1099; baseline 0.003 -19"><span class='ocrx_word' id='word_1_56' title='bbox 55 1033 148 1081; x_wconf 87' lang='lat' dir='ltr'><strong><em>torum</em></strong></span> <span class='ocrx_word' id='word_1_57' title='bbox 161 1027 190 1080; x_wconf 91' lang='lat' dir='ltr'><strong><em>in</em></strong></span> <span class='ocrx_word' id='word_1_58' title='bbox 199 1041 293 1081; x_wconf 84' lang='lat' dir='ltr'><strong><em>ornnes</em></strong></span> <span class='ocrx_word' id='word_1_59' title='bbox 303 1029 407 1094; x_wconf 83' lang='lat' dir='ltr'><strong><em>pentes,</em></strong></span> <span class='ocrx_word' id='word_1_60' title='bbox 419 1024 617 1094; x_wconf 77' lang='lat' dir='ltr'><strong><em>incipimrtibus</em></strong></span> <span class='ocrx_word' id='word_1_61' title='bbox 627 1023 661 1079; x_wconf 94' lang='lat' dir='ltr'><strong><em>ab</em></strong></span> <span class='ocrx_word' id='word_1_62' title='bbox 677 1021 832 1079; x_wconf 82' lang='lat' dir='ltr'><strong><em>ierusalem</em></strong></span> <span class='ocrx_word' id='word_1_63' title='bbox 844 1021 891 1076; x_wconf 82' lang='lat' dir='ltr'><strong><em>Vos</em></strong></span> <span class='ocrx_word' id='word_1_64' title='bbox 945 1024 1045 1077; x_wconf 90' lang='lat' dir='ltr'><strong><em>sortem</em></strong></span> <span class='ocrx_word' id='word_1_65' title='bbox 1059 1021 1142 1093; x_wconf 83' lang='lat' dir='ltr'><strong><em>lajas</em></strong></span> <span class='ocrx_word' id='word_1_66' title='bbox 1157 1023 1318 1080; x_wconf 88' lang='lat' dir='ltr'><strong><em>ministerii.</em></strong></span> <span class='ocrx_word' id='word_1_67' title='bbox 1340 1025 1394 1081; x_wconf 88' lang='lat' dir='ltr'><strong><em>Hic</em></strong></span> <span class='ocrx_word' id='word_1_68' title='bbox 1417 1041 1482 1095; x_wconf 82' lang='lat' dir='ltr'><strong><em>erpo</em></strong></span> <span class='ocrx_word' id='word_1_69' title='bbox 1495 1027 1614 1099; x_wconf 76' lang='lat' dir='ltr'><strong><em>possedit</em></strong></span> <span class='ocrx_word' id='word_1_70' title='bbox 1627 1044 1727 1097; x_wconf 82' lang='lat' dir='ltr'><strong><em>aprum</em></strong></span> <span class='ocrx_word' id='word_1_71' title='bbox 1738 1026 1772 1085; x_wconf 84' lang='lat' dir='ltr'><strong><em>ds</em></strong></span> 
     </span>
     <span class='ocr_line' id='line_1_7' title="bbox 55 1110 1771 1190; baseline 0.002 -22"><span class='ocrx_word' id='word_1_72' title='bbox 55 1118 150 1169; x_wconf 87' lang='lat' dir='ltr'><strong><em>autem</em></strong></span> <span class='ocrx_word' id='word_1_73' title='bbox 164 1114 231 1170; x_wconf 89' lang='lat' dir='ltr'><strong><em>estis</em></strong></span> <span class='ocrx_word' id='word_1_74' title='bbox 246 1118 325 1169; x_wconf 86' lang='lat' dir='ltr'><strong><em>testes</em></strong></span> <span class='ocrx_word' id='word_1_75' title='bbox 349 1113 459 1169; x_wconf 85' lang='lat' dir='ltr'><strong><em>borum.</em></strong></span> <span class='ocrx_word' id='word_1_76' title='bbox 484 1114 517 1169; x_wconf 80' lang='lat' dir='ltr'><strong><em>Et</em></strong></span> <span class='ocrx_word' id='word_1_77' title='bbox 530 1128 577 1183; x_wconf 83' lang='lat' dir='ltr'><strong><em>epo</em></strong></span> <span class='ocrx_word' id='word_1_78' title='bbox 592 1113 703 1168; x_wconf 84' lang='lat' dir='ltr'><strong><em>mittum</em></strong></span> <span class='ocrx_word' id='word_1_79' title='bbox 715 1110 887 1181; x_wconf 89' lang='lat' dir='ltr'><strong><em>promissum</em></strong></span> <span class='ocrx_word' id='word_1_80' title='bbox 939 1110 1063 1168; x_wconf 87' lang='lat' dir='ltr'><strong><em>mercede</em></strong></span> <span class='ocrx_word' id='word_1_81' title='bbox 1073 1112 1220 1184; x_wconf 68' lang='lat' dir='ltr'><strong><em>injustitiis</em></strong></span> <span class='ocrx_word' id='word_1_82' title='bbox 1228 1126 1298 1183; x_wconf 81' lang='lat' dir='ltr'><strong><em>saae,</em></strong></span> <span class='ocrx_word' id='word_1_83' title='bbox 1309 1122 1334 1168; x_wconf 91' lang='lat' dir='ltr'><strong><em>et</em></strong></span> <span class='ocrx_word' id='word_1_84' title='bbox 1343 1113 1445 1169; x_wconf 90' lang='lat' dir='ltr'><strong><em>collum</em></strong></span> <span class='ocrx_word' id='word_1_85' title='bbox 1453 1117 1509 1170; x_wconf 86' lang='lat' dir='ltr'><strong><em>sibi</em></strong></span> <span class='ocrx_word' id='word_1_86' title='bbox 1518 1116 1656 1187; x_wconf 83' lang='lat' dir='ltr'><strong><em>allipaoit,</em></strong></span> <span class='ocrx_word' id='word_1_87' title='bbox 1665 1121 1691 1173; x_wconf 88' lang='lat' dir='ltr'><strong><em>et</em></strong></span> <span class='ocrx_word' id='word_1_88' title='bbox 1701 1117 1771 1190; x_wconf 82' lang='lat' dir='ltr'><strong><em>deje-</em></strong></span> 
     </span>
     <span class='ocr_line' id='line_1_8' title="bbox 55 1199 1771 1277; baseline 0.003 -20"><span class='ocrx_word' id='word_1_89' title='bbox 55 1202 150 1258; x_wconf 90' lang='lat' dir='ltr'><strong><em>Patris</em></strong></span> <span class='ocrx_word' id='word_1_90' title='bbox 159 1202 217 1258; x_wconf 89' lang='lat' dir='ltr'><strong><em>mei</em></strong></span> <span class='ocrx_word' id='word_1_91' title='bbox 227 1204 257 1257; x_wconf 90' lang='lat' dir='ltr'><strong><em>in</em></strong></span> <span class='ocrx_word' id='word_1_92' title='bbox 269 1218 312 1259; x_wconf 86' lang='lat' dir='ltr'><strong><em>ros</em></strong></span> <span class='ocrx_word' id='word_1_93' title='bbox 323 1220 333 1256; x_wconf 92' lang='lat'><strong><em>.·</em></strong></span> <span class='ocrx_word' id='word_1_94' title='bbox 344 1218 391 1259; x_wconf 88' lang='lat' dir='ltr'><strong><em>uos</em></strong></span> <span class='ocrx_word' id='word_1_95' title='bbox 403 1210 500 1258; x_wconf 92' lang='lat' dir='ltr'><strong><em>autem</em></strong></span> <span class='ocrx_word' id='word_1_96' title='bbox 513 1200 601 1257; x_wconf 88' lang='lat' dir='ltr'><strong><em>sedete</em></strong></span> <span class='ocrx_word' id='word_1_97' title='bbox 613 1202 644 1256; x_wconf 88' lang='lat' dir='ltr'><strong><em>in</em></strong></span> <span class='ocrx_word' id='word_1_98' title='bbox 657 1202 768 1256; x_wconf 86' lang='lat' dir='ltr'><strong><em>ciuitate</em></strong></span> <span class='ocrx_word' id='word_1_99' title='bbox 779 1199 886 1271; x_wconf 84' lang='lat' dir='ltr'><strong><em>quoad·</em></strong></span> <span class='ocrx_word' id='word_1_100' title='bbox 938 1200 1034 1255; x_wconf 84' lang='lat' dir='ltr'><strong><em>clusin</em></strong></span> <span class='ocrx_word' id='word_1_101' title='bbox 1044 1202 1156 1271; x_wconf 74' lang='lat' dir='ltr'><strong><em>faeiem,</em></strong></span> <span class='ocrx_word' id='word_1_102' title='bbox 1165 1199 1771 1277; x_wconf 76' lang='lat' dir='ltr'><strong><em>disruptusestmedius,etetlusosuntomnia</em></strong></span> 
     </span>
     <span class='ocr_line' id='line_1_9' title="bbox 55 1287 1771 1367; baseline 0.003 -20"><span class='ocrx_word' id='word_1_103' title='bbox 55 1308 142 1362; x_wconf 75' lang='lat' dir='ltr'><strong><em>usaue</em></strong></span> <span class='ocrx_word' id='word_1_104' title='bbox 156 1291 318 1347; x_wconf 81' lang='lat' dir='ltr'><strong><em>induamini</em></strong></span> <span class='ocrx_word' id='word_1_105' title='bbox 331 1293 463 1348; x_wconf 87' lang='lat' dir='ltr'><strong><em>uirtutem</em></strong></span> <span class='ocrx_word' id='word_1_106' title='bbox 477 1307 512 1346; x_wconf 79' lang='lat' dir='ltr'><strong><em>ea</em></strong></span> <span class='ocrx_word' id='word_1_107' title='bbox 526 1291 581 1346; x_wconf 91' lang='lat' dir='ltr'><strong><em>alto</em></strong></span> <span class='ocrx_word' id='word_1_108' title='bbox 598 1290 673 1362; x_wconf 87' lang='lat' dir='ltr'><strong><em>(tue.</em></strong></span> <span class='ocrx_word' id='word_1_109' title='bbox 687 1306 762 1355; x_wconf 79' lang='lat' dir='ltr'><strong><em>xxiv,</em></strong></span> <span class='ocrx_word' id='word_1_110' title='bbox 780 1287 883 1359; x_wconf 74' lang='grc'>36-49).</span> <span class='ocrx_word' id='word_1_111' title='bbox 938 1290 1044 1345; x_wconf 87' lang='lat' dir='ltr'><strong><em>uiscera</em></strong></span> <span class='ocrx_word' id='word_1_112' title='bbox 1057 1289 1127 1361; x_wconf 76' lang='lat' dir='ltr'><strong><em>ejus.</em></strong></span> <span class='ocrx_word' id='word_1_113' title='bbox 1144 1289 1223 1362; x_wconf 85' lang='lat' dir='ltr'><strong><em>Quod</em></strong></span> <span class='ocrx_word' id='word_1_114' title='bbox 1234 1293 1258 1345; x_wconf 91' lang='lat' dir='ltr'><strong><em>et</em></strong></span> <span class='ocrx_word' id='word_1_115' title='bbox 1268 1292 1407 1361; x_wconf 83' lang='lat' dir='ltr'><strong><em>eopnitum</em></strong></span> <span class='ocrx_word' id='word_1_116' title='bbox 1419 1294 1524 1362; x_wconf 75' lang='lat' dir='ltr'><strong><em>sactum</em></strong></span> <span class='ocrx_word' id='word_1_117' title='bbox 1537 1302 1575 1349; x_wconf 88' lang='lat' dir='ltr'><strong><em>est</em></strong></span> <span class='ocrx_word' id='word_1_118' title='bbox 1586 1296 1713 1349; x_wconf 89' lang='lat' dir='ltr'><strong><em>omnibus</em></strong></span> <span class='ocrx_word' id='word_1_119' title='bbox 1723 1298 1771 1367; x_wconf 86' lang='lat' dir='ltr'><strong><em>qai</em></strong></span> 
     </span>
     <span class='ocr_line' id='line_1_10' title="bbox 53 1376 1771 1455; baseline 0.003 -21"><span class='ocrx_word' id='word_1_120' title='bbox 53 1378 90 1434; x_wconf 83' lang='lat' dir='ltr'><strong><em>Et</em></strong></span> <span class='ocrx_word' id='word_1_121' title='bbox 99 1395 168 1435; x_wconf 89' lang='lat' dir='ltr'><strong><em>cum</em></strong></span> <span class='ocrx_word' id='word_1_122' title='bbox 180 1379 357 1436; x_wconf 79' lang='lat' dir='ltr'><strong><em>reddidisset</em></strong></span> <span class='ocrx_word' id='word_1_123' title='bbox 368 1378 498 1436; x_wconf 81' lang='lat' dir='ltr'><strong><em>codicem</em></strong></span> <span class='ocrx_word' id='word_1_124' title='bbox 509 1377 667 1451; x_wconf 80' lang='lat' dir='ltr'><strong><em>Evangelii,</em></strong></span> <span class='ocrx_word' id='word_1_125' title='bbox 677 1376 885 1450; x_wconf 82' lang='lat' dir='ltr'><strong><em>occepitAclus</em></strong></span> <span class='ocrx_word' id='word_1_126' title='bbox 938 1378 1134 1436; x_wconf 78' lang='lat' dir='ltr'><strong><em>inhabitabant</em></strong></span> <span class='ocrx_word' id='word_1_127' title='bbox 1146 1380 1360 1451; x_wconf 77' lang='lat' dir='ltr'><strong><em>ierosolymam,</em></strong></span> <span class='ocrx_word' id='word_1_128' title='bbox 1377 1382 1418 1435; x_wconf 88' lang='lat' dir='ltr'><strong><em>ita</em></strong></span> <span class='ocrx_word' id='word_1_129' title='bbox 1432 1386 1465 1436; x_wconf 90' lang='lat' dir='ltr'><strong><em>nt</em></strong></span> <span class='ocrx_word' id='word_1_130' title='bbox 1487 1396 1629 1438; x_wconf 84' lang='lat' dir='ltr'><strong><em>uocaretur</em></strong></span> <span class='ocrx_word' id='word_1_131' title='bbox 1642 1398 1708 1455; x_wconf 79' lang='lat' dir='ltr'><strong><em>aper</em></strong></span> <span class='ocrx_word' id='word_1_132' title='bbox 1720 1383 1771 1440; x_wconf 89' lang='lat' dir='ltr'><strong><em>ille</em></strong></span> 
     </span>
     <span class='ocr_line' id='line_1_11' title="bbox 49 1464 1766 1544; baseline 0.002 -21"><span class='ocrx_word' id='word_1_133' title='bbox 49 1467 275 1540; x_wconf 78' lang='lat' dir='ltr'><strong><em>Apostolorum,</em></strong></span> <span class='ocrx_word' id='word_1_134' title='bbox 285 1468 407 1539; x_wconf 73' lang='lat' dir='ltr'><strong><em>aloisii,</em></strong></span> <span class='ocrx_word' id='word_1_135' title='bbox 416 1464 793 1538; x_wconf 76' lang='lat' dir='ltr'><strong><em>Audivimusinllvongslio</em></strong></span> <span class='ocrx_word' id='word_1_136' title='bbox 803 1481 885 1521; x_wconf 92' lang='lat' dir='ltr'><strong><em>com·</em></strong></span> <span class='ocrx_word' id='word_1_137' title='bbox 938 1468 1062 1539; x_wconf 86' lang='lat' dir='ltr'><strong><em>ipsorum</em></strong></span> <span class='ocrx_word' id='word_1_138' title='bbox 1078 1467 1175 1539; x_wconf 85' lang='lat' dir='ltr'><strong><em>linpna</em></strong></span> <span class='ocrx_word' id='word_1_139' title='bbox 1189 1467 1380 1537; x_wconf 87' lang='lat' dir='ltr'><strong><em>Aceldemaeb,</em></strong></span> <span class='ocrx_word' id='word_1_140' title='bbox 1404 1468 1434 1525; x_wconf 89' lang='lat' dir='ltr'><strong><em>id</em></strong></span> <span class='ocrx_word' id='word_1_141' title='bbox 1457 1473 1507 1536; x_wconf 91' lang='lat' dir='ltr'><strong><em>est,</em></strong></span> <span class='ocrx_word' id='word_1_142' title='bbox 1523 1486 1592 1541; x_wconf 85' lang='lat' dir='ltr'><strong><em>oper</em></strong></span> <span class='ocrx_word' id='word_1_143' title='bbox 1604 1472 1766 1544; x_wconf 76' lang='lat' dir='ltr'><strong><em>sanpuinis,</em></strong></span> 
     </span>
     <span class='ocr_line' id='line_1_12' title="bbox 61 1554 1769 1632; baseline 0.002 -20"><span class='ocrx_word' id='word_1_144' title='bbox 61 1573 243 1614; x_wconf 84' lang='lat' dir='ltr'><strong><em>memorasse</em></strong></span> <span class='ocrx_word' id='word_1_145' title='bbox 266 1556 483 1630; x_wconf 79' lang='lat' dir='ltr'><strong><em>Evangelistsm</em></strong></span> <span class='ocrx_word' id='word_1_146' title='bbox 505 1560 640 1613; x_wconf 86' lang='lat' dir='ltr'><strong><em>sunctum</em></strong></span> <span class='ocrx_word' id='word_1_147' title='bbox 657 1554 884 1628; x_wconf 82' lang='lat' dir='ltr'><strong><em>promissionem</em></strong></span> <span class='ocrx_word' id='word_1_148' title='bbox 938 1554 1078 1628; x_wconf 88' lang='lat' dir='ltr'><strong><em>Scriptum</em></strong></span> <span class='ocrx_word' id='word_1_149' title='bbox 1088 1565 1128 1612; x_wconf 86' lang='lat' dir='ltr'><strong><em>est</em></strong></span> <span class='ocrx_word' id='word_1_150' title='bbox 1138 1558 1213 1613; x_wconf 89' lang='lat' dir='ltr'><strong><em>enirn</em></strong></span> <span class='ocrx_word' id='word_1_151' title='bbox 1224 1559 1253 1613; x_wconf 91' lang='lat' dir='ltr'><strong><em>in</em></strong></span> <span class='ocrx_word' id='word_1_152' title='bbox 1266 1557 1336 1613; x_wconf 89' lang='lat' dir='ltr'><strong><em>libro</em></strong></span> <span class='ocrx_word' id='word_1_153' title='bbox 1345 1558 1520 1614; x_wconf 87' lang='lat' dir='ltr'><strong><em>Psalmorurn</em></strong></span> <span class='ocrx_word' id='word_1_154' title='bbox 1534 1576 1543 1614; x_wconf 91' lang='grc'><strong><em>.·</em></strong></span> <span class='ocrx_word' id='word_1_155' title='bbox 1555 1560 1617 1615; x_wconf 77' lang='lat' dir='ltr'><strong><em>star</em></strong></span> <span class='ocrx_word' id='word_1_156' title='bbox 1626 1560 1697 1616; x_wconf 88' lang='lat' dir='ltr'><strong><em>oilla</em></strong></span> <span class='ocrx_word' id='word_1_157' title='bbox 1708 1560 1769 1632; x_wconf 79' lang='lat' dir='ltr'><strong><em>ejus</em></strong></span> 
     </span>
     <span class='ocr_line' id='line_1_13' title="bbox 53 1643 1769 1721; baseline 0.002 -19"><span class='ocrx_word' id='word_1_158' title='bbox 53 1646 178 1713; x_wconf 80' lang='lat' dir='ltr'><strong><em>Christi,</em></strong></span> <span class='ocrx_word' id='word_1_159' title='bbox 193 1663 255 1717; x_wconf 83' lang='lat' dir='ltr'><strong><em>quse</em></strong></span> <span class='ocrx_word' id='word_1_160' title='bbox 271 1650 316 1702; x_wconf 88' lang='lat' dir='ltr'><strong><em>est</em></strong></span> <span class='ocrx_word' id='word_1_161' title='bbox 331 1646 361 1701; x_wconf 93' lang='lat' dir='ltr'><strong><em>in</em></strong></span> <span class='ocrx_word' id='word_1_162' title='bbox 377 1644 533 1718; x_wconf 80' lang='lat' dir='ltr'><strong><em>Evangelm</em></strong></span> <span class='ocrx_word' id='word_1_163' title='bbox 548 1644 709 1700; x_wconf 91' lang='lat' dir='ltr'><strong><em>secundum</em></strong></span> <span class='ocrx_word' id='word_1_164' title='bbox 727 1643 884 1713; x_wconf 80' lang='lat' dir='ltr'><strong><em>ioannem,</em></strong></span> <span class='ocrx_word' id='word_1_165' title='bbox 937 1644 1055 1713; x_wconf 89' lang='lat' dir='ltr'><strong><em>deserta,</em></strong></span> <span class='ocrx_word' id='word_1_166' title='bbox 1070 1653 1095 1702; x_wconf 88' lang='lat' dir='ltr'><strong><em>et</em></strong></span> <span class='ocrx_word' id='word_1_167' title='bbox 1109 1661 1165 1701; x_wconf 87' lang='lat' dir='ltr'><strong><em>non</em></strong></span> <span class='ocrx_word' id='word_1_168' title='bbox 1178 1647 1215 1701; x_wconf 85' lang='lat' dir='ltr'><strong><em>sit</em></strong></span> <span class='ocrx_word' id='word_1_169' title='bbox 1228 1648 1278 1717; x_wconf 86' lang='lat' dir='ltr'><strong><em>qai</em></strong></span> <span class='ocrx_word' id='word_1_170' title='bbox 1290 1646 1426 1703; x_wconf 72' lang='lat' dir='ltr'><strong><em>inhabitet</em></strong></span> <span class='ocrx_word' id='word_1_171' title='bbox 1440 1649 1472 1703; x_wconf 88' lang='lat' dir='ltr'><strong><em>in</em></strong></span> <span class='ocrx_word' id='word_1_172' title='bbox 1487 1664 1530 1716; x_wconf 88' lang='lat' dir='ltr'><strong><em>ea,</em></strong></span> <span class='ocrx_word' id='word_1_173' title='bbox 1545 1652 1572 1705; x_wconf 92' lang='lat' dir='ltr'><strong><em>et</em></strong></span> <span class='ocrx_word' id='word_1_174' title='bbox 1583 1650 1769 1721; x_wconf 85' lang='lat' dir='ltr'><strong><em>episcopatum</em></strong></span> 
     </span>
     <span class='ocr_line' id='line_1_14' title="bbox 53 1730 1767 1809; baseline 0.002 -19"><span class='ocrx_word' id='word_1_175' title='bbox 53 1751 144 1808; x_wconf 86' lang='lat' dir='ltr'><strong><em>quem</em></strong></span> <span class='ocrx_word' id='word_1_176' title='bbox 156 1751 287 1808; x_wconf 78' lang='lat' dir='ltr'><strong><em>presens</em></strong></span> <span class='ocrx_word' id='word_1_177' title='bbox 298 1732 378 1790; x_wconf 81' lang='lat' dir='ltr'><strong><em>Felix</em></strong></span> <span class='ocrx_word' id='word_1_178' title='bbox 389 1733 638 1790; x_wconf 78' lang='lat' dir='ltr'><strong><em>commemoravit.</em></strong></span> <span class='ocrx_word' id='word_1_179' title='bbox 652 1732 704 1789; x_wconf 90' lang='lat' dir='ltr'><strong><em>Ubi</em></strong></span> <span class='ocrx_word' id='word_1_180' title='bbox 716 1732 795 1788; x_wconf 82' lang='lat' dir='ltr'><strong><em>onim</em></strong></span> <span class='ocrx_word' id='word_1_181' title='bbox 811 1730 885 1787; x_wconf 84' lang='lat' dir='ltr'><strong><em>dixit</em></strong></span> <span class='ocrx_word' id='word_1_182' title='bbox 937 1733 994 1804; x_wconf 84' lang='lat' dir='ltr'><strong><em>ejus</em></strong></span> <span class='ocrx_word' id='word_1_183' title='bbox 1003 1735 1122 1805; x_wconf 83' lang='lat' dir='ltr'><strong><em>arripiat</em></strong></span> <span class='ocrx_word' id='word_1_184' title='bbox 1135 1734 1215 1790; x_wconf 89' lang='lat' dir='ltr'><strong><em>alter.</em></strong></span> <span class='ocrx_word' id='word_1_185' title='bbox 1229 1739 1343 1806; x_wconf 90' lang='lat' dir='ltr'><strong><em>Oportet</em></strong></span> <span class='ocrx_word' id='word_1_186' title='bbox 1354 1737 1452 1807; x_wconf 82' lang='lat' dir='ltr'><strong><em>itaque</em></strong></span> <span class='ocrx_word' id='word_1_187' title='bbox 1462 1752 1499 1792; x_wconf 86' lang='lat' dir='ltr'><strong><em>esc</em></strong></span> <span class='ocrx_word' id='word_1_188' title='bbox 1508 1736 1552 1792; x_wconf 88' lang='lat' dir='ltr'><strong><em>bis</em></strong></span> <span class='ocrx_word' id='word_1_189' title='bbox 1565 1738 1634 1792; x_wconf 84' lang='lat' dir='ltr'><strong><em>viris</em></strong></span> <span class='ocrx_word' id='word_1_190' title='bbox 1645 1739 1693 1809; x_wconf 81' lang='lat' dir='ltr'><strong><em>pai</em></strong></span> <span class='ocrx_word' id='word_1_191' title='bbox 1702 1752 1767 1794; x_wconf 88' lang='lat' dir='ltr'><strong><em>con·</em></strong></span> 
     </span>
     <span class='ocr_line' id='line_1_15' title="bbox 59 1820 1768 1898; baseline 0.002 -19"><span class='ocrx_word' id='word_1_192' title='bbox 59 1823 211 1891; x_wconf 79' lang='lat' dir='ltr'><strong><em>Dominus,</em></strong></span> <span class='ocrx_word' id='word_1_193' title='bbox 227 1825 308 1880; x_wconf 87' lang='lat' dir='ltr'><strong><em>Mitto</em></strong></span> <span class='ocrx_word' id='word_1_194' title='bbox 323 1823 400 1880; x_wconf 89' lang='lat' dir='ltr'><strong><em>uobis</em></strong></span> <span class='ocrx_word' id='word_1_195' title='bbox 415 1823 550 1894; x_wconf 88' lang='lat' dir='ltr'><strong><em>Spiritum</em></strong></span> <span class='ocrx_word' id='word_1_196' title='bbox 563 1826 690 1878; x_wconf 88' lang='lat' dir='ltr'><strong><em>sanctum</em></strong></span> <span class='ocrx_word' id='word_1_197' title='bbox 712 1820 884 1893; x_wconf 85' lang='lat' dir='ltr'><strong><em>paracletum</em></strong></span> <span class='ocrx_word' id='word_1_198' title='bbox 936 1822 1221 1880; x_wconf 86' lang='lat' dir='ltr'><strong><em>ueneruntnobiscam</em></strong></span> <span class='ocrx_word' id='word_1_199' title='bbox 1232 1824 1349 1880; x_wconf 91' lang='lat' dir='ltr'><strong><em>inomni</em></strong></span> <span class='ocrx_word' id='word_1_200' title='bbox 1358 1832 1479 1896; x_wconf 88' lang='lat' dir='ltr'><strong><em>tempore</em></strong></span> <span class='ocrx_word' id='word_1_201' title='bbox 1489 1841 1541 1897; x_wconf 82' lang='lat' dir='ltr'><strong><em>quo</em></strong></span> <span class='ocrx_word' id='word_1_202' title='bbox 1552 1826 1768 1898; x_wconf 87' lang='lat' dir='ltr'><strong><em>introivitsaper</em></strong></span> 
     </span>
     <span class='ocr_line' id='line_1_16' title="bbox 52 1909 1768 1985; baseline 0.002 -18"><span class='ocrx_word' id='word_1_203' title='bbox 52 1913 145 1984; x_wconf 79' lang='lat' dir='ltr'><strong><em>(toan.</em></strong></span> <span class='ocrx_word' id='word_1_204' title='bbox 163 1928 224 1978; x_wconf 80' lang='lat' dir='ltr'><strong><em>xvi,</em></strong></span> <span class='ocrx_word' id='word_1_205' title='bbox 234 1913 274 1984; x_wconf 88' lang='lat'><strong><em>7),</em></strong></span> <span class='ocrx_word' id='word_1_206' title='bbox 284 1910 412 1968; x_wconf 79' lang='lat' dir='ltr'><strong><em>loannes</em></strong></span> <span class='ocrx_word' id='word_1_207' title='bbox 423 1910 602 1983; x_wconf 80' lang='lat' dir='ltr'><strong><em>evangelista</em></strong></span> <span class='ocrx_word' id='word_1_208' title='bbox 612 1910 741 1982; x_wconf 83' lang='lat' dir='ltr'><strong><em>scripsit.</em></strong></span> <span class='ocrx_word' id='word_1_209' title='bbox 758 1909 817 1965; x_wconf 87' lang='lat' dir='ltr'><strong><em>Hoc</em></strong></span> <span class='ocrx_word' id='word_1_210' title='bbox 831 1926 883 1965; x_wconf 84' lang='grc' dir='ltr'>ιιι-</span> <span class='ocrx_word' id='word_1_211' title='bbox 936 1913 1002 1968; x_wconf 91' lang='lat' dir='ltr'><strong><em>nos¹</em></strong></span> <span class='ocrx_word' id='word_1_212' title='bbox 1019 1920 1045 1968; x_wconf 94' lang='lat' dir='ltr'><strong><em>et</em></strong></span> <span class='ocrx_word' id='word_1_213' title='bbox 1059 1913 1177 1969; x_wconf 75' lang='lat' dir='ltr'><strong><em>eccmsit</em></strong></span> <span class='ocrx_word' id='word_1_214' title='bbox 1203 1913 1333 1968; x_wconf 85' lang='lat' dir='ltr'><strong><em>Dominus</em></strong></span> <span class='ocrx_word' id='word_1_215' title='bbox 1353 1914 1432 1970; x_wconf 80' lang='lat' dir='ltr'><strong><em>iesus</em></strong></span> <span class='ocrx_word' id='word_1_216' title='bbox 1448 1913 1582 1981; x_wconf 80' lang='lat' dir='ltr'><strong><em>ebrinus,</em></strong></span> <span class='ocrx_word' id='word_1_217' title='bbox 1598 1915 1768 1985; x_wconf 77' lang='lat' dir='ltr'><strong><em>incipiente</em></strong></span> 
     </span>
     <span class='ocr_line' id='line_1_17' title="bbox 50 1998 1766 2077; baseline 0.002 -22"><span class='ocrx_word' id='word_1_218' title='bbox 50 2001 199 2073; x_wconf 83' lang='lat' dir='ltr'><strong><em>temquod</em></strong></span> <span class='ocrx_word' id='word_1_219' title='bbox 209 1999 369 2073; x_wconf 83' lang='lat' dir='ltr'><strong><em>modolegi,</em></strong></span> <span class='ocrx_word' id='word_1_220' title='bbox 381 1998 882 2072; x_wconf 77' lang='lat' dir='ltr'><strong><em>Lucasevangelistsuttestutusest,</em></strong></span> <span class='ocrx_word' id='word_1_221' title='bbox 938 2002 1071 2072; x_wconf 89' lang='lat' dir='ltr'><strong><em>baptismo</em></strong></span> <span class='ocrx_word' id='word_1_222' title='bbox 1084 2002 1202 2059; x_wconf 80' lang='lat' dir='ltr'><strong><em>ioannis</em></strong></span> <span class='ocrx_word' id='word_1_223' title='bbox 1216 2018 1301 2074; x_wconf 82' lang='lat' dir='ltr'><strong><em>usqne</em></strong></span> <span class='ocrx_word' id='word_1_224' title='bbox 1316 2003 1344 2057; x_wconf 90' lang='lat' dir='ltr'><strong><em>in</em></strong></span> <span class='ocrx_word' id='word_1_225' title='bbox 1361 2003 1443 2058; x_wconf 87' lang='lat' dir='ltr'><strong><em>illurn</em></strong></span> <span class='ocrx_word' id='word_1_226' title='bbox 1458 2002 1531 2059; x_wconf 87' lang='lat' dir='ltr'><strong><em>diem</em></strong></span> <span class='ocrx_word' id='word_1_227' title='bbox 1542 2019 1594 2074; x_wconf 82' lang='lat' dir='ltr'><strong><em>pao</em></strong></span> <span class='ocrx_word' id='word_1_228' title='bbox 1609 2006 1766 2077; x_wconf 84' lang='lat' dir='ltr'><strong><em>assumptus</em></strong></span> 
     </span>
     <span class='ocr_line' id='line_1_18' title="bbox 50 2087 1765 2164; baseline 0.003 -19"><span class='ocrx_word' id='word_1_229' title='bbox 50 2087 883 2161; x_wconf 82' lang='lat' dir='ltr'><strong><em>oloonsnnuitveritsliapostoli]oannis.Videsmusetism</em></strong></span> <span class='ocrx_word' id='word_1_230' title='bbox 936 2090 1765 2164; x_wconf 77' lang='lat' dir='ltr'><strong><em>estanobis,testemresurrectionisejusnobiscumesse.St</em></strong></span> 
     </span>
     <span class='ocr_line' id='line_1_19' title="bbox 55 2176 1765 2254; baseline 0.002 -19"><span class='ocrx_word' id='word_1_231' title='bbox 55 2178 202 2250; x_wconf 87' lang='lat' dir='ltr'><strong><em>quomodo</em></strong></span> <span class='ocrx_word' id='word_1_232' title='bbox 219 2177 379 2251; x_wconf 81' lang='lat' dir='ltr'><strong><em>perlectum</em></strong></span> <span class='ocrx_word' id='word_1_233' title='bbox 395 2177 530 2249; x_wconf 87' lang='lat' dir='ltr'><strong><em>estquod</em></strong></span> <span class='ocrx_word' id='word_1_234' title='bbox 549 2176 685 2248; x_wconf 88' lang='lat' dir='ltr'><strong><em>promisit</em></strong></span> <span class='ocrx_word' id='word_1_235' title='bbox 701 2176 845 2232; x_wconf 89' lang='lat' dir='ltr'><strong><em>Dominus</em></strong></span> <span class='ocrx_word' id='word_1_236' title='bbox 855 2179 885 2232; x_wconf 86' lang='lat' dir='ltr'><strong><em>sl</em></strong></span> <span class='ocrx_word' id='word_1_237' title='bbox 937 2179 1035 2235; x_wconf 89' lang='lat' dir='ltr'><strong><em>statuit</em></strong></span> <span class='ocrx_word' id='word_1_238' title='bbox 1043 2178 1119 2247; x_wconf 88' lang='lat' dir='ltr'><strong><em>dnos,</em></strong></span> <span class='ocrx_word' id='word_1_239' title='bbox 1130 2179 1227 2251; x_wconf 81' lang='lat' dir='ltr'><strong><em>Joseplr</em></strong></span> <span class='ocrx_word' id='word_1_240' title='bbox 1236 2181 1285 2252; x_wconf 82' lang='lat' dir='ltr'><strong><em>qui</em></strong></span> <span class='ocrx_word' id='word_1_241' title='bbox 1298 2179 1445 2236; x_wconf 88' lang='lat' dir='ltr'><strong><em>vocabatur</em></strong></span> <span class='ocrx_word' id='word_1_242' title='bbox 1460 2181 1604 2252; x_wconf 82' lang='lat' dir='ltr'><strong><em>barsabas,</em></strong></span> <span class='ocrx_word' id='word_1_243' title='bbox 1617 2183 1666 2254; x_wconf 80' lang='lat' dir='ltr'><strong><em>qui</em></strong></span> <span class='ocrx_word' id='word_1_244' title='bbox 1679 2186 1704 2238; x_wconf 92' lang='lat' dir='ltr'><strong><em>et</em></strong></span> <span class='ocrx_word' id='word_1_245' title='bbox 1714 2182 1765 2238; x_wconf 84' lang='lat' dir='ltr'><strong><em>Ja-</em></strong></span> 
     </span>
     <span class='ocr_line' id='line_1_20' title="bbox 56 2264 1763 2343; baseline 0.002 -20"><span class='ocrx_word' id='word_1_246' title='bbox 56 2267 203 2340; x_wconf 85' lang='lat' dir='ltr'><strong><em>quomodo</em></strong></span> <span class='ocrx_word' id='word_1_247' title='bbox 214 2265 370 2337; x_wconf 82' lang='lat' dir='ltr'><strong><em>impletum</em></strong></span> <span class='ocrx_word' id='word_1_248' title='bbox 384 2282 391 2320; x_wconf 91' lang='lat'><strong>:</strong></span> <span class='ocrx_word' id='word_1_249' title='bbox 404 2269 435 2322; x_wconf 89' lang='lat' dir='ltr'><strong><em>ut</em></strong></span> <span class='ocrx_word' id='word_1_250' title='bbox 447 2282 515 2321; x_wconf 88' lang='lat' dir='ltr'><strong><em>anm</em></strong></span> <span class='ocrx_word' id='word_1_251' title='bbox 527 2266 613 2321; x_wconf 84' lang='lat' dir='ltr'><strong><em>luerit</em></strong></span> <span class='ocrx_word' id='word_1_252' title='bbox 627 2281 662 2321; x_wconf 84' lang='lat' dir='ltr'><strong><em>ox</em></strong></span> <span class='ocrx_word' id='word_1_253' title='bbox 674 2264 822 2322; x_wconf 81' lang='lat' dir='ltr'><strong><em>canonicis</em></strong></span> <span class='ocrx_word' id='word_1_254' title='bbox 839 2264 883 2320; x_wconf 85' lang='lat' dir='ltr'><strong><em>ti·</em></strong></span> <span class='ocrx_word' id='word_1_255' title='bbox 936 2276 1006 2336; x_wconf 88' lang='lat' dir='ltr'><strong><em>stus‚·</em></strong></span> <span class='ocrx_word' id='word_1_256' title='bbox 1020 2278 1046 2324; x_wconf 91' lang='lat' dir='ltr'><strong><em>et</em></strong></span> <span class='ocrx_word' id='word_1_257' title='bbox 1061 2267 1217 2326; x_wconf 82' lang='lat' dir='ltr'><strong><em>Atattlriam.</em></strong></span> <span class='ocrx_word' id='word_1_258' title='bbox 1248 2270 1281 2325; x_wconf 78' lang='lat' dir='ltr'><strong><em>Et</em></strong></span> <span class='ocrx_word' id='word_1_259' title='bbox 1306 2272 1433 2340; x_wconf 86' lang='lat' dir='ltr'><strong><em>precatus</em></strong></span> <span class='ocrx_word' id='word_1_260' title='bbox 1456 2269 1548 2326; x_wconf 78' lang='lat' dir='ltr'><strong><em>dicit:</em></strong></span> <span class='ocrx_word' id='word_1_261' title='bbox 1568 2272 1619 2337; x_wconf 87' lang='lat' dir='ltr'><strong><em>Tu,</em></strong></span> <span class='ocrx_word' id='word_1_262' title='bbox 1636 2272 1763 2343; x_wconf 88' lang='lat' dir='ltr'><strong><em>Domine,</em></strong></span> 
     </span>
     <span class='ocr_line' id='line_1_21' title="bbox 56 2353 1765 2429; baseline 0.001 -17"><span class='ocrx_word' id='word_1_263' title='bbox 56 2355 234 2412; x_wconf 78' lang='lat' dir='ltr'><strong><em>hrisssnclae</em></strong></span> <span class='ocrx_word' id='word_1_264' title='bbox 244 2353 377 2412; x_wconf 79' lang='lat' dir='ltr'><strong><em>Ecclesin</em></strong></span> <span class='ocrx_word' id='word_1_265' title='bbox 392 2354 667 2427; x_wconf 83' lang='lat' dir='ltr'><strong><em>expresssimpletio</em></strong></span> <span class='ocrx_word' id='word_1_266' title='bbox 677 2353 883 2427; x_wconf 87' lang='lat' dir='ltr'><strong><em>promissionis</em></strong></span> <span class='ocrx_word' id='word_1_267' title='bbox 935 2356 1061 2413; x_wconf 86' lang='lat' dir='ltr'><strong><em>cordium</em></strong></span> <span class='ocrx_word' id='word_1_268' title='bbox 1068 2357 1765 2429; x_wconf 75' lang='lat' dir='ltr'><strong><em>omniuminmllectorpstendeentisdnobusonem</em></strong></span> 
     </span>
     <span class='ocr_line' id='line_1_22' title="bbox 55 2442 1762 2519; baseline 0.002 -20"><span class='ocrx_word' id='word_1_269' title='bbox 55 2443 183 2511; x_wconf 89' lang='lat' dir='ltr'><strong><em>Domini,</em></strong></span> <span class='ocrx_word' id='word_1_270' title='bbox 194 2443 376 2516; x_wconf 76' lang='lat' dir='ltr'><strong><em>paracletum</em></strong></span> <span class='ocrx_word' id='word_1_271' title='bbox 387 2444 527 2515; x_wconf 90' lang='lat' dir='ltr'><strong><em>Spiritum</em></strong></span> <span class='ocrx_word' id='word_1_272' title='bbox 541 2448 679 2499; x_wconf 80' lang='lat' dir='ltr'><strong><em>sanctum</em></strong></span> <span class='ocrx_word' id='word_1_273' title='bbox 688 2442 814 2498; x_wconf 84' lang='lat' dir='ltr'><strong><em>alteram</em></strong></span> <span class='ocrx_word' id='word_1_274' title='bbox 823 2458 881 2499; x_wconf 88' lang='lat' dir='ltr'><strong><em>nou</em></strong></span> <span class='ocrx_word' id='word_1_275' title='bbox 935 2446 1042 2515; x_wconf 85' lang='lat' dir='ltr'><strong><em>elepisti</em></strong></span> <span class='ocrx_word' id='word_1_276' title='bbox 1051 2445 1086 2501; x_wconf 91' lang='lat' dir='ltr'><strong><em>ad</em></strong></span> <span class='ocrx_word' id='word_1_277' title='bbox 1095 2445 1300 2519; x_wconf 84' lang='lat' dir='ltr'><strong><em>suscipiendum</em></strong></span> <span class='ocrx_word' id='word_1_278' title='bbox 1311 2446 1401 2502; x_wconf 69' lang='lat' dir='ltr'><strong><em>mcum</em></strong></span> <span class='ocrx_word' id='word_1_279' title='bbox 1416 2444 1499 2518; x_wconf 84' lang='lat' dir='ltr'><strong><em>bajas</em></strong></span> <span class='ocrx_word' id='word_1_280' title='bbox 1512 2446 1664 2502; x_wconf 88' lang='lat' dir='ltr'><strong><em>ministerii</em></strong></span> <span class='ocrx_word' id='word_1_281' title='bbox 1675 2453 1700 2502; x_wconf 92' lang='lat' dir='ltr'><strong><em>et</em></strong></span> <span class='ocrx_word' id='word_1_282' title='bbox 1711 2462 1762 2501; x_wconf 89' lang='lat' dir='ltr'><strong><em>an·</em></strong></span> 
     </span>
     <span class='ocr_line' id='line_1_23' title="bbox 58 2531 1761 2607; baseline 0.003 -20"><span class='ocrx_word' id='word_1_283' title='bbox 58 2548 234 2605; x_wconf 79' lang='lat' dir='ltr'><strong><em>queramus,</em></strong></span> <span class='ocrx_word' id='word_1_284' title='bbox 251 2549 287 2588; x_wconf 88' lang='lat' dir='ltr'><strong><em>ne</em></strong></span> <span class='ocrx_word' id='word_1_285' title='bbox 302 2531 332 2587; x_wconf 93' lang='lat' dir='ltr'><strong><em>in</em></strong></span> <span class='ocrx_word' id='word_1_286' title='bbox 349 2532 538 2588; x_wconf 89' lang='lat' dir='ltr'><strong><em>seductorum</em></strong></span> <span class='ocrx_word' id='word_1_287' title='bbox 553 2531 673 2604; x_wconf 77' lang='lat' dir='ltr'><strong><em>laqueos</em></strong></span> <span class='ocrx_word' id='word_1_288' title='bbox 684 2531 880 2588; x_wconf 84' lang='lat' dir='ltr'><strong><em>incurramus.</em></strong></span> <span class='ocrx_word' id='word_1_289' title='bbox 934 2536 1129 2602; x_wconf 82' lang='lat' dir='ltr'><strong><em>nuntiationis,</em></strong></span> <span class='ocrx_word' id='word_1_290' title='bbox 1144 2551 1161 2590; x_wconf 88' lang='lat' dir='ltr'><strong><em>a</em></strong></span> <span class='ocrx_word' id='word_1_291' title='bbox 1175 2550 1230 2607; x_wconf 81' lang='lat' dir='ltr'><strong><em>qua</em></strong></span> <span class='ocrx_word' id='word_1_292' title='bbox 1244 2536 1360 2592; x_wconf 76' lang='lat' dir='ltr'><strong><em>excessit</em></strong></span> <span class='ocrx_word' id='word_1_293' title='bbox 1372 2534 1455 2591; x_wconf 82' lang='lat' dir='ltr'><strong><em>iudas</em></strong></span> <span class='ocrx_word' id='word_1_294' title='bbox 1470 2536 1614 2591; x_wconf 89' lang='lat' dir='ltr'><strong><em>ambulare</em></strong></span> <span class='ocrx_word' id='word_1_295' title='bbox 1626 2537 1656 2590; x_wconf 91' lang='lat' dir='ltr'><strong><em>in</em></strong></span> <span class='ocrx_word' id='word_1_296' title='bbox 1672 2536 1761 2592; x_wconf 86' lang='lat' dir='ltr'><strong><em>lorum</em></strong></span> 
     </span>
     <span class='ocr_line' id='line_1_24' title="bbox 90 2619 1759 2695; baseline 0.002 -18"><span class='ocrx_word' id='word_1_297' title='bbox 90 2619 210 2677; x_wconf 80' lang='lat' dir='ltr'><strong><em>CAPUT</em></strong></span> <span class='ocrx_word' id='word_1_298' title='bbox 227 2620 270 2676; x_wconf 89' lang='lat' dir='ltr'><strong><em>lll.</em></strong></span> <span class='ocrx_word' id='word_1_299' title='bbox 286 2650 321 2661; x_wconf 93' lang='lat'>-</span> <span class='ocrx_word' id='word_1_300' title='bbox 337 2620 370 2674; x_wconf 81' lang='lat' dir='ltr'><strong><em>Dr</em></strong></span> <span class='ocrx_word' id='word_1_301' title='bbox 394 2620 525 2676; x_wconf 78' lang='lat' dir='ltr'><strong><em>recitavit</em></strong></span> <span class='ocrx_word' id='word_1_302' title='bbox 544 2636 578 2676; x_wconf 86' lang='lat' dir='ltr'><strong><em>ex</em></strong></span> <span class='ocrx_word' id='word_1_303' title='bbox 593 2620 715 2676; x_wconf 89' lang='lat' dir='ltr'><strong><em>Actibus</em></strong></span> <span class='ocrx_word' id='word_1_304' title='bbox 728 2619 882 2692; x_wconf 87' lang='lat' dir='ltr'><strong><em>Apostolo-</em></strong></span> <span class='ocrx_word' id='word_1_305' title='bbox 934 2639 1025 2678; x_wconf 90' lang='lat' dir='ltr'><strong><em>sunm.</em></strong></span> <span class='ocrx_word' id='word_1_306' title='bbox 1039 2627 1076 2678; x_wconf 84' lang='lat' dir='ltr'><strong><em>lit</em></strong></span> <span class='ocrx_word' id='word_1_307' title='bbox 1086 2622 1218 2679; x_wconf 89' lang='lat' dir='ltr'><strong><em>dederunt</em></strong></span> <span class='ocrx_word' id='word_1_308' title='bbox 1226 2627 1316 2680; x_wconf 88' lang='lat' dir='ltr'><strong><em>sortes</em></strong></span> <span class='ocrx_word' id='word_1_309' title='bbox 1339 2625 1434 2690; x_wconf 77' lang='lat' dir='ltr'><strong><em>sum&#39;,</em></strong></span> <span class='ocrx_word' id='word_1_310' title='bbox 1444 2631 1470 2680; x_wconf 95' lang='lat' dir='ltr'><strong><em>et</em></strong></span> <span class='ocrx_word' id='word_1_311' title='bbox 1492 2625 1592 2681; x_wconf 88' lang='lat' dir='ltr'><strong><em>cecidit</em></strong></span> <span class='ocrx_word' id='word_1_312' title='bbox 1605 2640 1663 2680; x_wconf 86' lang='lat' dir='ltr'><strong><em>sors</em></strong></span> <span class='ocrx_word' id='word_1_313' title='bbox 1677 2639 1759 2695; x_wconf 88' lang='lat' dir='ltr'><strong><em>saper</em></strong></span> 
     </span>
     <span class='ocr_line' id='line_1_25' title="bbox 57 2707 1757 2784; baseline 0.002 -19"><span class='ocrx_word' id='word_1_314' title='bbox 57 2726 138 2766; x_wconf 87' lang='lat' dir='ltr'><strong><em>rum:</em></strong></span> <span class='ocrx_word' id='word_1_315' title='bbox 157 2710 287 2765; x_wconf 87' lang='lat' dir='ltr'><strong><em>Primum</em></strong></span> <span class='ocrx_word' id='word_1_316' title='bbox 302 2709 411 2780; x_wconf 84' lang='lat' dir='ltr'><strong><em>quidem</em></strong></span> <span class='ocrx_word' id='word_1_317' title='bbox 427 2724 578 2764; x_wconf 87' lang='lat' dir='ltr'><strong><em>sermonem</em></strong></span> <span class='ocrx_word' id='word_1_318' title='bbox 600 2711 655 2781; x_wconf 76' lang='lat' dir='ltr'><strong><em>teci</em></strong></span> <span class='ocrx_word' id='word_1_319' title='bbox 668 2707 702 2764; x_wconf 89' lang='lat' dir='ltr'><strong><em>de</em></strong></span> <span class='ocrx_word' id='word_1_320' title='bbox 715 2709 880 2775; x_wconf 88' lang='lat' dir='ltr'><strong><em>omnibus,o</em></strong></span> <span class='ocrx_word' id='word_1_321' title='bbox 933 2710 1089 2780; x_wconf 85' lang='lat' dir='ltr'><strong><em>llattbiarn,</em></strong></span> <span class='ocrx_word' id='word_1_322' title='bbox 1100 2713 1217 2769; x_wconf 88' lang='lat' dir='ltr'><strong><em>etsimut</em></strong></span> <span class='ocrx_word' id='word_1_323' title='bbox 1228 2712 1374 2784; x_wconf 88' lang='lat' dir='ltr'><strong><em>deputatus</em></strong></span> <span class='ocrx_word' id='word_1_324' title='bbox 1386 2716 1497 2769; x_wconf 84' lang='lat' dir='ltr'><strong><em>osteum</em></strong></span> <span class='ocrx_word' id='word_1_325' title='bbox 1508 2713 1635 2769; x_wconf 90' lang='lat' dir='ltr'><strong><em>undecim</em></strong></span> <span class='ocrx_word' id='word_1_326' title='bbox 1644 2712 1757 2784; x_wconf 90' lang='lat' dir='ltr'><strong><em>Aposto-</em></strong></span> 
     </span>
     <span class='ocr_line' id='line_1_26' title="bbox 55 2797 1759 2873; baseline 0.002 -19"><span class='ocrx_word' id='word_1_327' title='bbox 55 2798 208 2871; x_wconf 71' lang='lat' dir='ltr'><strong><em>theophile,</em></strong></span> <span class='ocrx_word' id='word_1_328' title='bbox 221 2814 281 2871; x_wconf 82' lang='lat' dir='ltr'><strong><em>quse</em></strong></span> <span class='ocrx_word' id='word_1_329' title='bbox 294 2799 374 2870; x_wconf 83' lang='lat' dir='ltr'><strong><em>erepit</em></strong></span> <span class='ocrx_word' id='word_1_330' title='bbox 383 2799 594 2870; x_wconf 74' lang='lat' dir='ltr'><strong><em>lesasfacereet</em></strong></span> <span class='ocrx_word' id='word_1_331' title='bbox 607 2797 711 2864; x_wconf 87' lang='lat' dir='ltr'><strong><em>docere,</em></strong></span> <span class='ocrx_word' id='word_1_332' title='bbox 727 2799 757 2853; x_wconf 90' lang='lat' dir='ltr'><strong><em>in</em></strong></span> <span class='ocrx_word' id='word_1_333' title='bbox 769 2797 814 2853; x_wconf 88' lang='lat' dir='ltr'><strong><em>die</em></strong></span> <span class='ocrx_word' id='word_1_334' title='bbox 828 2812 881 2869; x_wconf 83' lang='lat' dir='ltr'><strong><em>quo</em></strong></span> <span class='ocrx_word' id='word_1_335' title='bbox 934 2802 970 2857; x_wconf 89' lang='lat' dir='ltr'><strong><em>tis</em></strong></span> <span class='ocrx_word' id='word_1_336' title='bbox 983 2800 1172 2858; x_wconf 87' lang='lat' dir='ltr'><strong><em>duodecimus.</em></strong></span> <span class='ocrx_word' id='word_1_337' title='bbox 1196 2801 1232 2857; x_wconf 82' lang='lat' dir='ltr'><strong><em>ltt</em></strong></span> <span class='ocrx_word' id='word_1_338' title='bbox 1246 2818 1314 2857; x_wconf 91' lang='lat' dir='ltr'><strong><em>curn</em></strong></span> <span class='ocrx_word' id='word_1_339' title='bbox 1329 2800 1459 2873; x_wconf 74' lang='lat' dir='ltr'><strong><em>legisset,</em></strong></span> <span class='ocrx_word' id='word_1_340' title='bbox 1478 2801 1568 2857; x_wconf 86' lang='lat' dir='ltr'><strong><em>dixit:</em></strong></span> <span class='ocrx_word' id='word_1_341' title='bbox 1582 2801 1759 2858; x_wconf 80' lang='lat' dir='ltr'><strong><em>Audivimus</em></strong></span> 
     </span>
     <span class='ocr_line' id='line_1_27' title="bbox 55 2885 1758 2960; baseline 0 -17"><span class='ocrx_word' id='word_1_342' title='bbox 55 2888 194 2960; x_wconf 88' lang='lat' dir='ltr'><strong><em>Apostolos</em></strong></span> <span class='ocrx_word' id='word_1_343' title='bbox 209 2887 291 2958; x_wconf 79' lang='lat' dir='ltr'><strong><em>clepit</em></strong></span> <span class='ocrx_word' id='word_1_344' title='bbox 319 2903 369 2958; x_wconf 92' lang='lat' dir='ltr'><strong><em>per</em></strong></span> <span class='ocrx_word' id='word_1_345' title='bbox 395 2888 535 2958; x_wconf 89' lang='lat' dir='ltr'><strong><em>Spiritum</em></strong></span> <span class='ocrx_word' id='word_1_346' title='bbox 558 2890 695 2954; x_wconf 87' lang='lat' dir='ltr'><strong><em>sanetum,</em></strong></span> <span class='ocrx_word' id='word_1_347' title='bbox 711 2894 737 2943; x_wconf 91' lang='lat' dir='ltr'><strong><em>et</em></strong></span> <span class='ocrx_word' id='word_1_348' title='bbox 748 2889 881 2959; x_wconf 80' lang='lat' dir='ltr'><strong><em>precaepit</em></strong></span> <span class='ocrx_word' id='word_1_349' title='bbox 934 2887 1001 2959; x_wconf 91' lang='lat' dir='ltr'><strong><em>quis</em></strong></span> <span class='ocrx_word' id='word_1_350' title='bbox 1015 2887 1167 2944; x_wconf 81' lang='lat' dir='ltr'><strong><em>ordinatus</em></strong></span> <span class='ocrx_word' id='word_1_351' title='bbox 1182 2890 1227 2943; x_wconf 87' lang='lat' dir='ltr'><strong><em>est</em></strong></span> <span class='ocrx_word' id='word_1_352' title='bbox 1240 2886 1271 2942; x_wconf 91' lang='lat' dir='ltr'><strong><em>in</em></strong></span> <span class='ocrx_word' id='word_1_353' title='bbox 1287 2885 1384 2943; x_wconf 92' lang='lat' dir='ltr'><strong><em>locum</em></strong></span> <span class='ocrx_word' id='word_1_354' title='bbox 1404 2887 1487 2944; x_wconf 77' lang='lat' dir='ltr'><strong><em>tuas</em></strong></span> <span class='ocrx_word' id='word_1_355' title='bbox 1504 2887 1662 2955; x_wconf 81' lang='lat' dir='ltr'><strong><em>traditoris,</em></strong></span> <span class='ocrx_word' id='word_1_356' title='bbox 1679 2887 1758 2960; x_wconf 89' lang='lat' dir='ltr'><strong><em>quod</em></strong></span> 
     </span>
     <span class='ocr_line' id='line_1_28' title="bbox 55 2975 1757 3050; baseline 0.001 -19"><span class='ocrx_word' id='word_1_357' title='bbox 55 2976 208 3048; x_wconf 77' lang='lat' dir='ltr'><strong><em>predicere</em></strong></span> <span class='ocrx_word' id='word_1_358' title='bbox 222 2976 425 3048; x_wconf 81' lang='lat' dir='ltr'><strong><em>Eranpelium:</em></strong></span> <span class='ocrx_word' id='word_1_359' title='bbox 439 2975 540 3048; x_wconf 85' lang='lat' dir='ltr'><strong><em>quibus</em></strong></span> <span class='ocrx_word' id='word_1_360' title='bbox 553 2975 879 3048; x_wconf 72' lang='lat' dir='ltr'><strong><em>prebuitseuiunmpost</em></strong></span> <span class='ocrx_word' id='word_1_361' title='bbox 934 2976 1021 3050; x_wconf 85' lang='lat' dir='ltr'><strong><em>poulo</em></strong></span> <span class='ocrx_word' id='word_1_362' title='bbox 1036 2981 1103 3032; x_wconf 87' lang='lat' dir='ltr'><strong><em>ante</em></strong></span> <span class='ocrx_word' id='word_1_363' title='bbox 1118 2976 1353 3047; x_wconf 86' lang='lat' dir='ltr'><strong><em>commemoravi,</em></strong></span> <span class='ocrx_word' id='word_1_364' title='bbox 1379 2992 1414 3032; x_wconf 88' lang='lat' dir='ltr'><strong><em>no</em></strong></span> <span class='ocrx_word' id='word_1_365' title='bbox 1437 2976 1595 3049; x_wconf 78' lang='lat' dir='ltr'><strong><em>quisquam</em></strong></span> <span class='ocrx_word' id='word_1_366' title='bbox 1611 2993 1663 3049; x_wconf 87' lang='lat' dir='ltr'><strong><em>per</em></strong></span> <span class='ocrx_word' id='word_1_367' title='bbox 1676 2976 1757 3032; x_wconf 85' lang='lat' dir='ltr'><strong><em>irau-</em></strong></span> 
     </span>
     <span class='ocr_line' id='line_1_29' title="bbox 50 3062 1757 3138; baseline -0.001 -15"><span class='ocrx_word' id='word_1_368' title='bbox 50 3062 667 3137; x_wconf 84' lang='lat' dir='ltr'><strong><em>passioneminmultisnrpumentisdierum,</em></strong></span> <span class='ocrx_word' id='word_1_369' title='bbox 682 3065 758 3119; x_wconf 88' lang='lat' dir='ltr'><strong><em>visus</em></strong></span> <span class='ocrx_word' id='word_1_370' title='bbox 772 3064 811 3120; x_wconf 86' lang='lat' dir='ltr'><strong><em>eis</em></strong></span> <span class='ocrx_word' id='word_1_371' title='bbox 821 3063 880 3120; x_wconf 87' lang='lat' dir='ltr'><strong><em>dies</em></strong></span> <span class='ocrx_word' id='word_1_372' title='bbox 933 3066 1000 3122; x_wconf 88' lang='lat' dir='ltr'><strong><em>dcm</em></strong></span> <span class='ocrx_word' id='word_1_373' title='bbox 1015 3068 1125 3137; x_wconf 83' lang='lat' dir='ltr'><strong><em>irrepat</em></strong></span> <span class='ocrx_word' id='word_1_374' title='bbox 1147 3065 1177 3120; x_wconf 90' lang='lat' dir='ltr'><strong><em>iu</em></strong></span> <span class='ocrx_word' id='word_1_375' title='bbox 1192 3064 1395 3138; x_wconf 80' lang='lat' dir='ltr'><strong><em>Apostolorum</em></strong></span> <span class='ocrx_word' id='word_1_376' title='bbox 1416 3082 1584 3137; x_wconf 87' lang='lat' dir='ltr'><strong><em>numerum,</em></strong></span> <span class='ocrx_word' id='word_1_377' title='bbox 1597 3070 1626 3122; x_wconf 89' lang='lat' dir='ltr'><strong><em>st</em></strong></span> <span class='ocrx_word' id='word_1_378' title='bbox 1640 3065 1757 3123; x_wconf 84' lang='lat' dir='ltr'><strong><em>nomino</em></strong></span> 
     </span>
     <span class='ocr_line' id='line_1_30' title="bbox 54 3151 1355 3228; baseline 0 -17"><span class='ocrx_word' id='word_1_379' title='bbox 54 3155 249 3227; x_wconf 77' lang='lat' dir='ltr'><strong><em>quadruplata.</em></strong></span> <span class='ocrx_word' id='word_1_380' title='bbox 263 3156 290 3209; x_wconf 90' lang='lat' dir='ltr'><strong><em>et</em></strong></span> <span class='ocrx_word' id='word_1_381' title='bbox 303 3155 401 3209; x_wconf 84' lang='lat' dir='ltr'><strong><em>doeens</em></strong></span> <span class='ocrx_word' id='word_1_382' title='bbox 416 3152 449 3209; x_wconf 87' lang='lat' dir='ltr'><strong><em>de</em></strong></span> <span class='ocrx_word' id='word_1_383' title='bbox 464 3168 548 3225; x_wconf 85' lang='lat' dir='ltr'><strong><em>repno</em></strong></span> <span class='ocrx_word' id='word_1_384' title='bbox 563 3154 621 3219; x_wconf 86' lang='lat' dir='ltr'><strong><em>Dei,</em></strong></span> <span class='ocrx_word' id='word_1_385' title='bbox 635 3160 661 3209; x_wconf 89' lang='lat' dir='ltr'><strong><em>et</em></strong></span> <span class='ocrx_word' id='word_1_386' title='bbox 674 3151 806 3224; x_wconf 82' lang='lat' dir='ltr'><strong><em>quoniodo</em></strong></span> <span class='ocrx_word' id='word_1_387' title='bbox 817 3168 881 3209; x_wconf 90' lang='lat' dir='ltr'><strong><em>eon·</em></strong></span> <span class='ocrx_word' id='word_1_388' title='bbox 933 3154 1114 3228; x_wconf 85' lang='lat' dir='ltr'><strong><em>apostolatus</em></strong></span> <span class='ocrx_word' id='word_1_389' title='bbox 1129 3152 1211 3210; x_wconf 85' lang='lat' dir='ltr'><strong><em>tollat</em></strong></span> <span class='ocrx_word' id='word_1_390' title='bbox 1225 3154 1355 3228; x_wconf 80' lang='lat' dir='ltr'><strong><em>ignaros.</em></strong></span> 
     </span>
     <span class='ocr_line' id='line_1_31' title="bbox 57 3240 1755 3317; baseline 0.001 -18"><span class='ocrx_word' id='word_1_391' title='bbox 57 3251 174 3299; x_wconf 80' lang='lat' dir='ltr'><strong><em>onsarus</em></strong></span> <span class='ocrx_word' id='word_1_392' title='bbox 184 3246 225 3299; x_wconf 88' lang='lat' dir='ltr'><strong><em>est</em></strong></span> <span class='ocrx_word' id='word_1_393' title='bbox 236 3257 299 3298; x_wconf 89' lang='lat' dir='ltr'><strong><em>cum</em></strong></span> <span class='ocrx_word' id='word_1_394' title='bbox 310 3240 380 3297; x_wconf 88' lang='lat' dir='ltr'><strong><em>illis.</em></strong></span> <span class='ocrx_word' id='word_1_395' title='bbox 393 3242 425 3297; x_wconf 78' lang='lat' dir='ltr'><strong><em>Et</em></strong></span> <span class='ocrx_word' id='word_1_396' title='bbox 434 3243 567 3314; x_wconf 72' lang='lat' dir='ltr'><strong><em>maeoepit</em></strong></span> <span class='ocrx_word' id='word_1_397' title='bbox 576 3242 616 3298; x_wconf 89' lang='lat' dir='ltr'><strong><em>eis</em></strong></span> <span class='ocrx_word' id='word_1_398' title='bbox 625 3257 660 3297; x_wconf 92' lang='lat' dir='ltr'><strong><em>ne</em></strong></span> <span class='ocrx_word' id='word_1_399' title='bbox 667 3241 880 3299; x_wconf 83' lang='lat' dir='ltr'><strong><em>discederentab</em></strong></span> <span class='ocrx_word' id='word_1_400' title='bbox 968 3242 1122 3301; x_wconf 81' lang='lat' dir='ltr'><strong><em>CAPUTV.</em></strong></span> <span class='ocrx_word' id='word_1_401' title='bbox 1139 3275 1173 3285; x_wconf 91' lang='lat'>-</span> <span class='ocrx_word' id='word_1_402' title='bbox 1187 3244 1271 3300; x_wconf 90' lang='lat' dir='ltr'><strong><em>Nunc</em></strong></span> <span class='ocrx_word' id='word_1_403' title='bbox 1285 3243 1436 3301; x_wconf 80' lang='lat' dir='ltr'><strong><em>videamus</em></strong></span> <span class='ocrx_word' id='word_1_404' title='bbox 1460 3244 1538 3317; x_wconf 90' lang='lat' dir='ltr'><strong><em>quod</em></strong></span> <span class='ocrx_word' id='word_1_405' title='bbox 1553 3243 1755 3317; x_wconf 87' lang='lat' dir='ltr'><strong><em>promisimus,</em></strong></span> 
     </span>
     <span class='ocr_line' id='line_1_32' title="bbox 57 3331 1757 3407; baseline 0.001 -18"><span class='ocrx_word' id='word_1_406' title='bbox 57 3332 246 3405; x_wconf 79' lang='lat' dir='ltr'><strong><em>ierosolymis,</em></strong></span> <span class='ocrx_word' id='word_1_407' title='bbox 275 3331 322 3388; x_wconf 88' lang='lat' dir='ltr'><strong><em>sed</em></strong></span> <span class='ocrx_word' id='word_1_408' title='bbox 349 3332 518 3388; x_wconf 84' lang='lat' dir='ltr'><strong><em>sustinerent</em></strong></span> <span class='ocrx_word' id='word_1_409' title='bbox 535 3331 766 3404; x_wconf 86' lang='lat' dir='ltr'><strong><em>pollicitationem</em></strong></span> <span class='ocrx_word' id='word_1_410' title='bbox 776 3331 878 3400; x_wconf 92' lang='lat' dir='ltr'><strong><em>Patris,</em></strong></span> <span class='ocrx_word' id='word_1_411' title='bbox 933 3334 1081 3407; x_wconf 89' lang='lat' dir='ltr'><strong><em>quomodo</em></strong></span> <span class='ocrx_word' id='word_1_412' title='bbox 1105 3333 1225 3406; x_wconf 88' lang='lat' dir='ltr'><strong><em>impleta</em></strong></span> <span class='ocrx_word' id='word_1_413' title='bbox 1246 3332 1284 3389; x_wconf 84' lang='lat' dir='ltr'><strong><em>sit</em></strong></span> <span class='ocrx_word' id='word_1_414' title='bbox 1299 3332 1408 3390; x_wconf 82' lang='lat' dir='ltr'><strong><em>Christi</em></strong></span> <span class='ocrx_word' id='word_1_415' title='bbox 1423 3333 1579 3407; x_wconf 87' lang='lat' dir='ltr'><strong><em>promissio</em></strong></span> <span class='ocrx_word' id='word_1_416' title='bbox 1594 3334 1630 3390; x_wconf 88' lang='lat' dir='ltr'><strong><em>ds</em></strong></span> <span class='ocrx_word' id='word_1_417' title='bbox 1645 3332 1757 3406; x_wconf 85' lang='lat' dir='ltr'><strong><em>Spiritu</em></strong></span> 
     </span>
     <span class='ocr_line' id='line_1_33' title="bbox 59 3420 1756 3494; baseline 0.001 -18"><span class='ocrx_word' id='word_1_418' title='bbox 59 3438 134 3493; x_wconf 85' lang='lat' dir='ltr'><strong><em>paam</em></strong></span> <span class='ocrx_word' id='word_1_419' title='bbox 148 3420 279 3489; x_wconf 86' lang='lat' dir='ltr'><strong><em>audistis,</em></strong></span> <span class='ocrx_word' id='word_1_420' title='bbox 293 3421 394 3493; x_wconf 79' lang='lat' dir='ltr'><strong><em>inquit,</em></strong></span> <span class='ocrx_word' id='word_1_421' title='bbox 412 3437 447 3476; x_wconf 82' lang='lat' dir='ltr'><strong><em>en</em></strong></span> <span class='ocrx_word' id='word_1_422' title='bbox 461 3436 506 3476; x_wconf 92' lang='lat' dir='ltr'><strong><em>ore</em></strong></span> <span class='ocrx_word' id='word_1_423' title='bbox 520 3436 599 3488; x_wconf 84' lang='lat' dir='ltr'><strong><em>meo;</em></strong></span> <span class='ocrx_word' id='word_1_424' title='bbox 615 3420 747 3493; x_wconf 78' lang='lat' dir='ltr'><strong><em>quoniam</em></strong></span> <span class='ocrx_word' id='word_1_425' title='bbox 758 3424 880 3478; x_wconf 78' lang='lat' dir='ltr'><strong><em>ioannes</em></strong></span> <span class='ocrx_word' id='word_1_426' title='bbox 934 3426 1045 3479; x_wconf 86' lang='lat' dir='ltr'><strong><em>sunoto.</em></strong></span> <span class='ocrx_word' id='word_1_427' title='bbox 1059 3422 1093 3477; x_wconf 68' lang='grc' dir='ltr'><strong><em>ιιι</em></strong></span> <span class='ocrx_word' id='word_1_428' title='bbox 1107 3438 1174 3479; x_wconf 90' lang='lat' dir='ltr'><strong><em>cum</em></strong></span> <span class='ocrx_word' id='word_1_429' title='bbox 1189 3420 1321 3493; x_wconf 84' lang='lat' dir='ltr'><strong><em>dixisset,</em></strong></span> <span class='ocrx_word' id='word_1_430' title='bbox 1337 3421 1408 3494; x_wconf 80' lang='lat' dir='ltr'><strong><em>legit</em></strong></span> <span class='ocrx_word' id='word_1_431' title='bbox 1421 3421 1451 3478; x_wconf 90' lang='lat' dir='ltr'><strong><em>in</em></strong></span> <span class='ocrx_word' id='word_1_432' title='bbox 1466 3421 1547 3479; x_wconf 90' lang='lat' dir='ltr'><strong><em>loco:</em></strong></span> <span class='ocrx_word' id='word_1_433' title='bbox 1564 3422 1691 3494; x_wconf 81' lang='lat' dir='ltr'><strong><em>Tempore</em></strong></span> <span class='ocrx_word' id='word_1_434' title='bbox 1705 3436 1756 3493; x_wconf 83' lang='lat' dir='ltr'><strong><em>qao</em></strong></span> 
     </span>
     <span class='ocr_line' id='line_1_34' title="bbox 60 3509 1758 3585; baseline 0.001 -20"><span class='ocrx_word' id='word_1_435' title='bbox 60 3510 161 3582; x_wconf 75' lang='lat' dir='ltr'><strong><em>quidem</em></strong></span> <span class='ocrx_word' id='word_1_436' title='bbox 171 3510 325 3582; x_wconf 76' lang='lat' dir='ltr'><strong><em>baptisavit</em></strong></span> <span class='ocrx_word' id='word_1_437' title='bbox 335 3525 421 3582; x_wconf 81' lang='lat' dir='ltr'><strong><em>apua,</em></strong></span> <span class='ocrx_word' id='word_1_438' title='bbox 434 3525 477 3565; x_wconf 87' lang='lat' dir='ltr'><strong><em>uos</em></strong></span> <span class='ocrx_word' id='word_1_439' title='bbox 487 3514 580 3566; x_wconf 89' lang='lat' dir='ltr'><strong><em>autem</em></strong></span> <span class='ocrx_word' id='word_1_440' title='bbox 589 3509 695 3580; x_wconf 86' lang='lat' dir='ltr'><strong><em>Spiritu</em></strong></span> <span class='ocrx_word' id='word_1_441' title='bbox 704 3517 796 3565; x_wconf 87' lang='lat' dir='ltr'><strong><em>sancto</em></strong></span> <span class='ocrx_word' id='word_1_442' title='bbox 806 3510 880 3566; x_wconf 82' lang='lat' dir='ltr'><strong><em>inei·</em></strong></span> <span class='ocrx_word' id='word_1_443' title='bbox 933 3513 1122 3585; x_wconf 88' lang='lat' dir='ltr'><strong><em>suppletasesl</em></strong></span> <span class='ocrx_word' id='word_1_444' title='bbox 1136 3510 1194 3567; x_wconf 87' lang='lat' dir='ltr'><strong><em>dies</em></strong></span> <span class='ocrx_word' id='word_1_445' title='bbox 1207 3513 1386 3579; x_wconf 87' lang='lat' dir='ltr'><strong><em>Pentecostes,</em></strong></span> <span class='ocrx_word' id='word_1_446' title='bbox 1414 3513 1527 3583; x_wconf 73' lang='lat' dir='ltr'><strong><em>inerunt</em></strong></span> <span class='ocrx_word' id='word_1_447' title='bbox 1555 3527 1649 3567; x_wconf 90' lang='lat' dir='ltr'><strong><em>omnes</em></strong></span> <span class='ocrx_word' id='word_1_448' title='bbox 1671 3509 1758 3567; x_wconf 89' lang='lat' dir='ltr'><strong><em>simul</em></strong></span> 
     </span>
     <span class='ocr_line' id='line_1_35' title="bbox 59 3599 1757 3672; baseline -0.001 -18"><span class='ocrx_word' id='word_1_449' title='bbox 59 3600 136 3671; x_wconf 87' lang='lat' dir='ltr'><strong><em>pietis</em></strong></span> <span class='ocrx_word' id='word_1_450' title='bbox 146 3599 289 3671; x_wconf 75' lang='lat' dir='ltr'><strong><em>baptisari</em></strong></span> <span class='ocrx_word' id='word_1_451' title='bbox 298 3614 377 3672; x_wconf 81' lang='lat' dir='ltr'><strong><em>quem</em></strong></span> <span class='ocrx_word' id='word_1_452' title='bbox 387 3602 414 3654; x_wconf 87' lang='lat' dir='ltr'><strong><em>et</em></strong></span> <span class='ocrx_word' id='word_1_453' title='bbox 424 3600 564 3670; x_wconf 86' lang='lat' dir='ltr'><strong><em>accepturi</em></strong></span> <span class='ocrx_word' id='word_1_454' title='bbox 572 3601 638 3655; x_wconf 89' lang='lat' dir='ltr'><strong><em>estis</em></strong></span> <span class='ocrx_word' id='word_1_455' title='bbox 648 3615 703 3655; x_wconf 89' lang='lat' dir='ltr'><strong><em>non</em></strong></span> <span class='ocrx_word' id='word_1_456' title='bbox 709 3601 771 3670; x_wconf 87' lang='lat' dir='ltr'><strong><em>post</em></strong></span> <span class='ocrx_word' id='word_1_457' title='bbox 781 3600 880 3655; x_wconf 89' lang='lat' dir='ltr'><strong><em>multos</em></strong></span> <span class='ocrx_word' id='word_1_458' title='bbox 934 3601 965 3654; x_wconf 87' lang='lat' dir='ltr'><strong><em>in</em></strong></span> <span class='ocrx_word' id='word_1_459' title='bbox 978 3616 1044 3656; x_wconf 89' lang='lat' dir='ltr'><strong><em>uno.</em></strong></span> <span class='ocrx_word' id='word_1_460' title='bbox 1060 3601 1098 3654; x_wconf 82' lang='lat' dir='ltr'><strong><em>Et</em></strong></span> <span class='ocrx_word' id='word_1_461' title='bbox 1110 3600 1201 3671; x_wconf 75' lang='lat' dir='ltr'><strong><em>sactus</em></strong></span> <span class='ocrx_word' id='word_1_462' title='bbox 1215 3607 1254 3655; x_wconf 89' lang='lat' dir='ltr'><strong><em>est</em></strong></span> <span class='ocrx_word' id='word_1_463' title='bbox 1267 3600 1357 3656; x_wconf 89' lang='lat' dir='ltr'><strong><em>subito</em></strong></span> <span class='ocrx_word' id='word_1_464' title='bbox 1369 3615 1454 3655; x_wconf 85' lang='lat' dir='ltr'><strong><em>sonas</em></strong></span> <span class='ocrx_word' id='word_1_465' title='bbox 1468 3600 1501 3655; x_wconf 92' lang='lat' dir='ltr'><strong><em>de</em></strong></span> <span class='ocrx_word' id='word_1_466' title='bbox 1515 3600 1591 3665; x_wconf 79' lang='lat' dir='ltr'><strong><em>arelo,</em></strong></span> <span class='ocrx_word' id='word_1_467' title='bbox 1607 3600 1688 3671; x_wconf 84' lang='lat' dir='ltr'><strong><em>quasi</em></strong></span> <span class='ocrx_word' id='word_1_468' title='bbox 1700 3601 1757 3669; x_wconf 75' lang='lat' dir='ltr'><strong><em>ser-</em></strong></span> 
     </span>
     <span class='ocr_line' id='line_1_36' title="bbox 64 3686 1757 3762; baseline 0.001 -21"><span class='ocrx_word' id='word_1_469' title='bbox 64 3690 119 3744; x_wconf 81' lang='lat' dir='ltr'><strong><em>irtos</em></strong></span> <span class='ocrx_word' id='word_1_470' title='bbox 129 3688 202 3757; x_wconf 91' lang='lat' dir='ltr'><strong><em>dies,</em></strong></span> <span class='ocrx_word' id='word_1_471' title='bbox 212 3687 343 3762; x_wconf 81' lang='lat' dir='ltr'><strong><em>usquead</em></strong></span> <span class='ocrx_word' id='word_1_472' title='bbox 354 3689 537 3745; x_wconf 81' lang='lat' dir='ltr'><strong><em>Pentecosten.</em></strong></span> <span class='ocrx_word' id='word_1_473' title='bbox 549 3688 595 3744; x_wconf 93' lang='lat' dir='ltr'><strong><em>llli</em></strong></span> <span class='ocrx_word' id='word_1_474' title='bbox 604 3703 667 3759; x_wconf 83' lang='lat' dir='ltr'><strong><em>erpo</em></strong></span> <span class='ocrx_word' id='word_1_475' title='bbox 681 3687 879 3753; x_wconf 88' lang='lat' dir='ltr'><strong><em>renuenientes,</em></strong></span> <span class='ocrx_word' id='word_1_476' title='bbox 934 3693 1011 3745; x_wconf 89' lang='lat' dir='ltr'><strong><em>retur</em></strong></span> <span class='ocrx_word' id='word_1_477' title='bbox 1023 3687 1109 3762; x_wconf 78' lang='lat' dir='ltr'><strong><em>slatus</em></strong></span> <span class='ocrx_word' id='word_1_478' title='bbox 1136 3687 1289 3757; x_wconf 82' lang='lat' dir='ltr'><strong><em>veliemens,</em></strong></span> <span class='ocrx_word' id='word_1_479' title='bbox 1317 3692 1343 3744; x_wconf 90' lang='lat' dir='ltr'><strong><em>et</em></strong></span> <span class='ocrx_word' id='word_1_480' title='bbox 1369 3688 1494 3760; x_wconf 87' lang='lat' dir='ltr'><strong><em>implerit</em></strong></span> <span class='ocrx_word' id='word_1_481' title='bbox 1517 3691 1601 3745; x_wconf 90' lang='lat' dir='ltr'><strong><em>totam</em></strong></span> <span class='ocrx_word' id='word_1_482' title='bbox 1615 3689 1695 3743; x_wconf 90' lang='lat' dir='ltr'><strong><em>illam</em></strong></span> <span class='ocrx_word' id='word_1_483' title='bbox 1710 3686 1757 3743; x_wconf 85' lang='lat' dir='ltr'><strong><em>do·</em></strong></span> 
     </span>
     <span class='ocr_line' id='line_1_37' title="bbox 65 3776 1759 3849; baseline 0.001 -20"><span class='ocrx_word' id='word_1_484' title='bbox 65 3777 336 3847; x_wconf 85' lang='lat' dir='ltr'><strong><em>interropabanteum</em></strong></span> <span class='ocrx_word' id='word_1_485' title='bbox 345 3777 479 3834; x_wconf 88' lang='lat' dir='ltr'><strong><em>dicentes:</em></strong></span> <span class='ocrx_word' id='word_1_486' title='bbox 491 3778 616 3847; x_wconf 90' lang='lat' dir='ltr'><strong><em>Domine,</em></strong></span> <span class='ocrx_word' id='word_1_487' title='bbox 628 3778 693 3832; x_wconf 90' lang='lat' dir='ltr'><strong><em>siin</em></strong></span> <span class='ocrx_word' id='word_1_488' title='bbox 703 3776 752 3832; x_wconf 85' lang='lat' dir='ltr'><strong><em>lroc</em></strong></span> <span class='ocrx_word' id='word_1_489' title='bbox 762 3781 881 3848; x_wconf 85' lang='lat' dir='ltr'><strong><em>ternpore</em></strong></span> <span class='ocrx_word' id='word_1_490' title='bbox 934 3779 1052 3844; x_wconf 73' lang='lat' dir='ltr'><strong><em>usumin</em></strong></span> <span class='ocrx_word' id='word_1_491' title='bbox 1068 3794 1121 3849; x_wconf 84' lang='lat' dir='ltr'><strong><em>qua</em></strong></span> <span class='ocrx_word' id='word_1_492' title='bbox 1135 3785 1214 3833; x_wconf 87' lang='lat' dir='ltr'><strong><em>erant</em></strong></span> <span class='ocrx_word' id='word_1_493' title='bbox 1227 3776 1358 3832; x_wconf 88' lang='lat' dir='ltr'><strong><em>sedentes.</em></strong></span> <span class='ocrx_word' id='word_1_494' title='bbox 1375 3778 1408 3832; x_wconf 79' lang='lat' dir='ltr'><strong><em>Et</em></strong></span> <span class='ocrx_word' id='word_1_495' title='bbox 1423 3778 1489 3833; x_wconf 83' lang='lat' dir='ltr'><strong><em>visse</em></strong></span> <span class='ocrx_word' id='word_1_496' title='bbox 1503 3780 1565 3832; x_wconf 90' lang='lat' dir='ltr'><strong><em>sunt</em></strong></span> <span class='ocrx_word' id='word_1_497' title='bbox 1581 3776 1638 3832; x_wconf 88' lang='lat' dir='ltr'><strong><em>illis</em></strong></span> <span class='ocrx_word' id='word_1_498' title='bbox 1653 3776 1759 3845; x_wconf 79' lang='lat' dir='ltr'><strong><em>linpuoe</em></strong></span> 
     </span>
     <span class='ocr_line' id='line_1_38' title="bbox 59 3864 1760 3938; baseline -0.002 -15"><span class='ocrx_word' id='word_1_499' title='bbox 59 3867 232 3935; x_wconf 71' lang='lat' dir='ltr'><strong><em>presentatus</em></strong></span> <span class='ocrx_word' id='word_1_500' title='bbox 246 3882 362 3938; x_wconf 84' lang='lat' dir='ltr'><strong><em>repnnm</em></strong></span> <span class='ocrx_word' id='word_1_501' title='bbox 378 3867 463 3922; x_wconf 89' lang='lat' dir='ltr'><strong><em>lsrael</em></strong></span> <span class='ocrx_word' id='word_1_502' title='bbox 472 3870 485 3920; x_wconf 81' lang='lat' dir='ltr'><strong><em>t</em></strong></span> <span class='ocrx_word' id='word_1_503' title='bbox 497 3866 547 3921; x_wconf 91' lang='lat' dir='ltr'><strong><em>llle</em></strong></span> <span class='ocrx_word' id='word_1_504' title='bbox 571 3874 665 3922; x_wconf 88' lang='lat' dir='ltr'><strong><em>autem</em></strong></span> <span class='ocrx_word' id='word_1_505' title='bbox 689 3864 783 3921; x_wconf 83' lang='lat' dir='ltr'><strong><em>dinit:</em></strong></span> <span class='ocrx_word' id='word_1_506' title='bbox 798 3867 880 3922; x_wconf 89' lang='lat' dir='ltr'><strong><em>Nemo</em></strong></span> <span class='ocrx_word' id='word_1_507' title='bbox 933 3866 1027 3923; x_wconf 79' lang='lat' dir='ltr'><strong><em>divisse</em></strong></span> <span class='ocrx_word' id='word_1_508' title='bbox 1042 3869 1122 3938; x_wconf 85' lang='lat' dir='ltr'><strong><em>pansi</em></strong></span> <span class='ocrx_word' id='word_1_509' title='bbox 1137 3867 1218 3938; x_wconf 86' lang='lat' dir='ltr'><strong><em>ipnis,</em></strong></span> <span class='ocrx_word' id='word_1_510' title='bbox 1235 3867 1321 3938; x_wconf 80' lang='lat' dir='ltr'><strong><em>quiet</em></strong></span> <span class='ocrx_word' id='word_1_511' title='bbox 1336 3865 1528 3935; x_wconf 90' lang='lat' dir='ltr'><strong><em>inseditsuper</em></strong></span> <span class='ocrx_word' id='word_1_512' title='bbox 1539 3878 1760 3936; x_wconf 80' lang='lat' dir='ltr'><strong><em>unumquemque</em></strong></span> 
     </span>
     <span class='ocr_line' id='line_1_39' title="bbox 64 3953 1759 4029; baseline -0.003 -17"><span class='ocrx_word' id='word_1_513' title='bbox 64 3960 136 4023; x_wconf 82' lang='lat' dir='ltr'><strong><em>potest</em></strong></span> <span class='ocrx_word' id='word_1_514' title='bbox 146 3972 312 4029; x_wconf 82' lang='lat' dir='ltr'><strong><em>capnoseere</em></strong></span> <span class='ocrx_word' id='word_1_515' title='bbox 323 3967 437 4028; x_wconf 86' lang='lat' dir='ltr'><strong><em>tempus,</em></strong></span> <span class='ocrx_word' id='word_1_516' title='bbox 448 3955 519 4027; x_wconf 79' lang='lat' dir='ltr'><strong><em>quod</em></strong></span> <span class='ocrx_word' id='word_1_517' title='bbox 528 3959 613 4011; x_wconf 85' lang='lat' dir='ltr'><strong><em>Pater</em></strong></span> <span class='ocrx_word' id='word_1_518' title='bbox 620 3955 712 4027; x_wconf 88' lang='lat' dir='ltr'><strong><em>posuit</em></strong></span> <span class='ocrx_word' id='word_1_519' title='bbox 723 3955 753 4010; x_wconf 88' lang='lat' dir='ltr'><strong><em>in</em></strong></span> <span class='ocrx_word' id='word_1_520' title='bbox 767 3970 819 4008; x_wconf 90' lang='lat' dir='ltr'><strong><em>sno</em></strong></span> <span class='ocrx_word' id='word_1_521' title='bbox 831 3970 880 4026; x_wconf 91' lang='lat' dir='ltr'><strong><em>po·</em></strong></span> <span class='ocrx_word' id='word_1_522' title='bbox 934 3971 1038 4011; x_wconf 91' lang='lat' dir='ltr'><strong><em>eorum.</em></strong></span> <span class='ocrx_word' id='word_1_523' title='bbox 1052 3957 1084 4010; x_wconf 82' lang='lat' dir='ltr'><strong><em>Et</em></strong></span> <span class='ocrx_word' id='word_1_524' title='bbox 1098 3954 1207 4026; x_wconf 88' lang='lat' dir='ltr'><strong><em>impleti</em></strong></span> <span class='ocrx_word' id='word_1_525' title='bbox 1219 3961 1285 4010; x_wconf 88' lang='lat' dir='ltr'><strong><em>sunt</em></strong></span> <span class='ocrx_word' id='word_1_526' title='bbox 1304 3969 1396 4009; x_wconf 91' lang='lat' dir='ltr'><strong><em>omnes</em></strong></span> <span class='ocrx_word' id='word_1_527' title='bbox 1415 3953 1523 4026; x_wconf 87' lang='lat' dir='ltr'><strong><em>Spiritu</em></strong></span> <span class='ocrx_word' id='word_1_528' title='bbox 1544 3962 1650 4021; x_wconf 88' lang='lat' dir='ltr'><strong><em>sancto,</em></strong></span> <span class='ocrx_word' id='word_1_529' title='bbox 1666 3955 1692 4008; x_wconf 90' lang='lat' dir='ltr'><strong><em>et</em></strong></span> <span class='ocrx_word' id='word_1_530' title='bbox 1706 3968 1759 4008; x_wconf 81' lang='lat' dir='ltr'><strong><em>cae·</em></strong></span> 
     </span>
     <span class='ocr_line' id='line_1_40' title="bbox 65 4040 1759 4117; baseline -0.004 -16"><span class='ocrx_word' id='word_1_531' title='bbox 65 4045 163 4112; x_wconf 52' lang='lat' dir='ltr'><strong><em>intutu</em></strong></span> <span class='ocrx_word' id='word_1_532' title='bbox 175 4045 223 4101; x_wconf 90' lang='lat' dir='ltr'><strong><em>sed</em></strong></span> <span class='ocrx_word' id='word_1_533' title='bbox 232 4047 374 4117; x_wconf 87' lang='lat' dir='ltr'><strong><em>accipietis</em></strong></span> <span class='ocrx_word' id='word_1_534' title='bbox 386 4047 512 4100; x_wconf 87' lang='lat' dir='ltr'><strong><em>uirtutem</em></strong></span> <span class='ocrx_word' id='word_1_535' title='bbox 523 4043 645 4115; x_wconf 87' lang='lat' dir='ltr'><strong><em>Spiritus</em></strong></span> <span class='ocrx_word' id='word_1_536' title='bbox 655 4043 745 4098; x_wconf 88' lang='lat' dir='ltr'><strong><em>sancti</em></strong></span> <span class='ocrx_word' id='word_1_537' title='bbox 754 4057 880 4114; x_wconf 85' lang='lat' dir='ltr'><strong><em>superoc-</em></strong></span> <span class='ocrx_word' id='word_1_538' title='bbox 933 4048 1034 4117; x_wconf 78' lang='lat' dir='ltr'><strong><em>peram</em></strong></span> <span class='ocrx_word' id='word_1_539' title='bbox 1048 4045 1124 4116; x_wconf 80' lang='lat' dir='ltr'><strong><em>loqui</em></strong></span> <span class='ocrx_word' id='word_1_540' title='bbox 1144 4043 1230 4099; x_wconf 88' lang='lat' dir='ltr'><strong><em>variis</em></strong></span> <span class='ocrx_word' id='word_1_541' title='bbox 1253 4043 1369 4114; x_wconf 83' lang='lat' dir='ltr'><strong><em>linpnis,</em></strong></span> <span class='ocrx_word' id='word_1_542' title='bbox 1395 4042 1526 4114; x_wconf 83' lang='lat' dir='ltr'><strong><em>quomodo</em></strong></span> <span class='ocrx_word' id='word_1_543' title='bbox 1540 4042 1663 4114; x_wconf 85' lang='lat' dir='ltr'><strong><em>Spiritus</em></strong></span> <span class='ocrx_word' id='word_1_544' title='bbox 1676 4040 1759 4096; x_wconf 85' lang='lat' dir='ltr'><strong><em>dabat</em></strong></span> 
     </span>
     <span class='ocr_line' id='line_1_41' title="bbox 68 4129 1759 4206; baseline -0.001 -21"><span class='ocrx_word' id='word_1_545' title='bbox 68 4134 173 4190; x_wconf 84' lang='lat' dir='ltr'><strong><em>rientem</em></strong></span> <span class='ocrx_word' id='word_1_546' title='bbox 183 4135 215 4189; x_wconf 91' lang='lat' dir='ltr'><strong><em>in</em></strong></span> <span class='ocrx_word' id='word_1_547' title='bbox 225 4150 283 4206; x_wconf 88' lang='lat' dir='ltr'><strong><em>vos,</em></strong></span> <span class='ocrx_word' id='word_1_548' title='bbox 290 4143 318 4189; x_wconf 88' lang='lat' dir='ltr'><strong><em>et</em></strong></span> <span class='ocrx_word' id='word_1_549' title='bbox 329 4136 408 4191; x_wconf 88' lang='lat' dir='ltr'><strong><em>erilis</em></strong></span> <span class='ocrx_word' id='word_1_550' title='bbox 418 4133 492 4189; x_wconf 87' lang='lat' dir='ltr'><strong><em>mibi</em></strong></span> <span class='ocrx_word' id='word_1_551' title='bbox 500 4137 581 4190; x_wconf 86' lang='lat' dir='ltr'><strong><em>testes</em></strong></span> <span class='ocrx_word' id='word_1_552' title='bbox 591 4134 666 4204; x_wconf 88' lang='lat' dir='ltr'><strong><em>apud</em></strong></span> <span class='ocrx_word' id='word_1_553' title='bbox 672 4130 879 4203; x_wconf 74' lang='lat' dir='ltr'><strong><em>lerosolymam,</em></strong></span> <span class='ocrx_word' id='word_1_554' title='bbox 935 4135 974 4189; x_wconf 88' lang='lat' dir='ltr'><strong><em>eis</em></strong></span> <span class='ocrx_word' id='word_1_555' title='bbox 988 4133 1177 4206; x_wconf 89' lang='lat' dir='ltr'><strong><em>pronuntiare.</em></strong></span> <span class='ocrx_word' id='word_1_556' title='bbox 1197 4130 1374 4203; x_wconf 80' lang='lat' dir='ltr'><strong><em>ierosolymis</em></strong></span> <span class='ocrx_word' id='word_1_557' title='bbox 1387 4139 1478 4187; x_wconf 88' lang='lat' dir='ltr'><strong><em>autem</em></strong></span> <span class='ocrx_word' id='word_1_558' title='bbox 1490 4132 1604 4202; x_wconf 75' lang='lat' dir='ltr'><strong><em>inerunt</em></strong></span> <span class='ocrx_word' id='word_1_559' title='bbox 1620 4129 1759 4185; x_wconf 81' lang='lat' dir='ltr'><strong><em>habitato-</em></strong></span> 
     </span>
     <span class='ocr_line' id='line_1_42' title="bbox 71 4218 1759 4294; baseline 0 -19"><span class='ocrx_word' id='word_1_560' title='bbox 71 4224 122 4278; x_wconf 88' lang='lat' dir='ltr'><strong><em>rlin</em></strong></span> <span class='ocrx_word' id='word_1_561' title='bbox 138 4228 195 4281; x_wconf 92' lang='lat' dir='ltr'><strong><em>tota</em></strong></span> <span class='ocrx_word' id='word_1_562' title='bbox 204 4223 303 4281; x_wconf 81' lang='lat' dir='ltr'><strong><em>Jadaea</em></strong></span> <span class='ocrx_word' id='word_1_563' title='bbox 312 4231 338 4280; x_wconf 90' lang='lat' dir='ltr'><strong><em>et</em></strong></span> <span class='ocrx_word' id='word_1_564' title='bbox 349 4223 487 4294; x_wconf 88' lang='lat' dir='ltr'><strong><em>Samaria,</em></strong></span> <span class='ocrx_word' id='word_1_565' title='bbox 498 4231 524 4278; x_wconf 88' lang='lat' dir='ltr'><strong><em>et</em></strong></span> <span class='ocrx_word' id='word_1_566' title='bbox 535 4238 617 4293; x_wconf 82' lang='lat' dir='ltr'><strong><em>usque</em></strong></span> <span class='ocrx_word' id='word_1_567' title='bbox 629 4223 661 4277; x_wconf 87' lang='lat' dir='ltr'><strong><em>in</em></strong></span> <span class='ocrx_word' id='word_1_568' title='bbox 670 4223 756 4278; x_wconf 88' lang='lat' dir='ltr'><strong><em>totam</em></strong></span> <span class='ocrx_word' id='word_1_569' title='bbox 765 4229 879 4276; x_wconf 88' lang='lat' dir='ltr'><strong><em>terram.</em></strong></span> <span class='ocrx_word' id='word_1_570' title='bbox 935 4238 978 4278; x_wconf 90' lang='lat' dir='ltr'><strong><em>res</em></strong></span> <span class='ocrx_word' id='word_1_571' title='bbox 992 4222 1098 4291; x_wconf 76' lang='lat' dir='ltr'><strong><em>aadaei,</em></strong></span> <span class='ocrx_word' id='word_1_572' title='bbox 1110 4223 1234 4278; x_wconf 80' lang='lat' dir='ltr'><strong><em>tornines</em></strong></span> <span class='ocrx_word' id='word_1_573' title='bbox 1249 4237 1284 4277; x_wconf 81' lang='lat' dir='ltr'><strong><em>en</em></strong></span> <span class='ocrx_word' id='word_1_574' title='bbox 1293 4222 1370 4276; x_wconf 90' lang='lat' dir='ltr'><strong><em>omni</em></strong></span> <span class='ocrx_word' id='word_1_575' title='bbox 1378 4221 1489 4276; x_wconf 90' lang='lat' dir='ltr'><strong><em>natione</em></strong></span> <span class='ocrx_word' id='word_1_576' title='bbox 1498 4235 1560 4292; x_wconf 82' lang='lat' dir='ltr'><strong><em>pase</em></strong></span> <span class='ocrx_word' id='word_1_577' title='bbox 1569 4227 1610 4276; x_wconf 87' lang='lat' dir='ltr'><strong><em>est</em></strong></span> <span class='ocrx_word' id='word_1_578' title='bbox 1619 4218 1670 4275; x_wconf 87' lang='lat' dir='ltr'><strong><em>snb</em></strong></span> <span class='ocrx_word' id='word_1_579' title='bbox 1681 4218 1759 4281; x_wconf 80' lang='lat' dir='ltr'><strong><em>carlo.</em></strong></span> 
     </span>
     <span class='ocr_line' id='line_1_43' title="bbox 73 4309 1760 4384; baseline 0.001 -22"><span class='ocrx_word' id='word_1_580' title='bbox 73 4312 123 4367; x_wconf 79' lang='lat' dir='ltr'><strong><em>tum</em></strong></span> <span class='ocrx_word' id='word_1_581' title='bbox 137 4313 196 4370; x_wconf 80' lang='lat' dir='ltr'><strong><em>taec</em></strong></span> <span class='ocrx_word' id='word_1_582' title='bbox 206 4311 318 4379; x_wconf 85' lang='lat' dir='ltr'><strong><em>diceret,</em></strong></span> <span class='ocrx_word' id='word_1_583' title='bbox 331 4312 414 4368; x_wconf 90' lang='lat' dir='ltr'><strong><em>nubes</em></strong></span> <span class='ocrx_word' id='word_1_584' title='bbox 423 4313 541 4384; x_wconf 88' lang='lat' dir='ltr'><strong><em>suscepit</em></strong></span> <span class='ocrx_word' id='word_1_585' title='bbox 549 4327 624 4379; x_wconf 89' lang='lat' dir='ltr'><strong><em>eum,</em></strong></span> <span class='ocrx_word' id='word_1_586' title='bbox 634 4315 660 4368; x_wconf 86' lang='lat' dir='ltr'><strong><em>et</em></strong></span> <span class='ocrx_word' id='word_1_587' title='bbox 666 4311 790 4366; x_wconf 88' lang='lat' dir='ltr'><strong><em>sublatas</em></strong></span> <span class='ocrx_word' id='word_1_588' title='bbox 798 4312 837 4365; x_wconf 84' lang='lat' dir='ltr'><strong><em>est</em></strong></span> <span class='ocrx_word' id='word_1_589' title='bbox 847 4309 881 4365; x_wconf 90' lang='lat' dir='ltr'><strong><em>ab</em></strong></span> <span class='ocrx_word' id='word_1_590' title='bbox 935 4312 968 4369; x_wconf 77' lang='lat' dir='ltr'><strong><em>Et</em></strong></span> <span class='ocrx_word' id='word_1_591' title='bbox 980 4328 1041 4369; x_wconf 79' lang='lat' dir='ltr'><strong><em>erim</em></strong></span> <span class='ocrx_word' id='word_1_592' title='bbox 1054 4312 1129 4382; x_wconf 74' lang='lat' dir='ltr'><strong><em>iacta</em></strong></span> <span class='ocrx_word' id='word_1_593' title='bbox 1143 4314 1210 4367; x_wconf 88' lang='lat' dir='ltr'><strong><em>esset</em></strong></span> <span class='ocrx_word' id='word_1_594' title='bbox 1223 4326 1285 4377; x_wconf 82' lang='lat' dir='ltr'><strong><em>uon,</em></strong></span> <span class='ocrx_word' id='word_1_595' title='bbox 1310 4310 1422 4366; x_wconf 82' lang='lat' dir='ltr'><strong><em>collecta</em></strong></span> <span class='ocrx_word' id='word_1_596' title='bbox 1448 4317 1487 4366; x_wconf 89' lang='lat' dir='ltr'><strong><em>est</em></strong></span> <span class='ocrx_word' id='word_1_597' title='bbox 1502 4311 1583 4365; x_wconf 90' lang='lat' dir='ltr'><strong><em>turba</em></strong></span> <span class='ocrx_word' id='word_1_598' title='bbox 1597 4311 1622 4365; x_wconf 90' lang='lat' dir='ltr'><strong><em>et</em></strong></span> <span class='ocrx_word' id='word_1_599' title='bbox 1635 4310 1760 4378; x_wconf 76' lang='lat' dir='ltr'><strong><em>contusa,</em></strong></span> 
     </span>
     <span class='ocr_line' id='line_1_44' title="bbox 73 4396 1761 4474; baseline -0.001 -21"><span class='ocrx_word' id='word_1_600' title='bbox 73 4399 758 4474; x_wconf 78' lang='lat' dir='ltr'><strong><em>ris.Etquomodooantemplanteserantcumiretin</em></strong></span> <span class='ocrx_word' id='word_1_601' title='bbox 772 4398 880 4464; x_wconf 78' lang='lat' dir='ltr'><strong><em>calum,</em></strong></span> <span class='ocrx_word' id='word_1_602' title='bbox 936 4403 1067 4474; x_wconf 83' lang='lat' dir='ltr'><strong><em>quoniam</em></strong></span> <span class='ocrx_word' id='word_1_603' title='bbox 1080 4398 1209 4455; x_wconf 77' lang='lat' dir='ltr'><strong><em>audiebat</em></strong></span> <span class='ocrx_word' id='word_1_604' title='bbox 1232 4400 1417 4472; x_wconf 81' lang='lat' dir='ltr'><strong><em>unusquisque</em></strong></span> <span class='ocrx_word' id='word_1_605' title='bbox 1442 4415 1494 4454; x_wconf 88' lang='lat' dir='ltr'><strong><em>sao</em></strong></span> <span class='ocrx_word' id='word_1_606' title='bbox 1519 4414 1644 4455; x_wconf 87' lang='lat' dir='ltr'><strong><em>sermone</em></strong></span> <span class='ocrx_word' id='word_1_607' title='bbox 1662 4402 1688 4453; x_wconf 88' lang='lat' dir='ltr'><strong><em>et</em></strong></span> <span class='ocrx_word' id='word_1_608' title='bbox 1702 4396 1761 4453; x_wconf 87' lang='lat' dir='ltr'><strong><em>suls</em></strong></span> 
     </span>
     <span class='ocr_line' id='line_1_45' title="bbox 73 4486 1759 4561; baseline -0.002 -17"><span class='ocrx_word' id='word_1_609' title='bbox 73 4491 176 4546; x_wconf 75' lang='lat' dir='ltr'><strong><em>ermino</em></strong></span> <span class='ocrx_word' id='word_1_610' title='bbox 187 4491 247 4546; x_wconf 88' lang='lat' dir='ltr'><strong><em>uiri</em></strong></span> <span class='ocrx_word' id='word_1_611' title='bbox 255 4490 403 4546; x_wconf 78' lang='lat' dir='ltr'><strong><em>adstabant</em></strong></span> <span class='ocrx_word' id='word_1_612' title='bbox 414 4490 471 4545; x_wconf 84' lang='lat' dir='ltr'><strong><em>illis</em></strong></span> <span class='ocrx_word' id='word_1_613' title='bbox 483 4491 513 4544; x_wconf 91' lang='lat' dir='ltr'><strong><em>in</em></strong></span> <span class='ocrx_word' id='word_1_614' title='bbox 522 4497 595 4544; x_wconf 88' lang='lat' dir='ltr'><strong><em>ueste</em></strong></span> <span class='ocrx_word' id='word_1_615' title='bbox 605 4489 678 4559; x_wconf 90' lang='lat' dir='ltr'><strong><em>alba,</em></strong></span> <span class='ocrx_word' id='word_1_616' title='bbox 690 4489 739 4559; x_wconf 81' lang='lat' dir='ltr'><strong><em>qui</em></strong></span> <span class='ocrx_word' id='word_1_617' title='bbox 752 4487 883 4545; x_wconf 62' lang='lat' dir='ltr'><strong><em>deserunt</em></strong></span> <span class='ocrx_word' id='word_1_618' title='bbox 937 4491 1041 4560; x_wconf 75' lang='lat' dir='ltr'><strong><em>linquis</em></strong></span> <span class='ocrx_word' id='word_1_619' title='bbox 1057 4490 1194 4561; x_wconf 83' lang='lat' dir='ltr'><strong><em>loquentes</em></strong></span> <span class='ocrx_word' id='word_1_620' title='bbox 1208 4504 1262 4545; x_wconf 90' lang='lat' dir='ltr'><strong><em>eos.</em></strong></span> <span class='ocrx_word' id='word_1_621' title='bbox 1278 4489 1427 4561; x_wconf 88' lang='lat' dir='ltr'><strong><em>Stupebant</em></strong></span> <span class='ocrx_word' id='word_1_622' title='bbox 1437 4492 1531 4544; x_wconf 89' lang='lat' dir='ltr'><strong><em>autem</em></strong></span> <span class='ocrx_word' id='word_1_623' title='bbox 1540 4492 1567 4543; x_wconf 91' lang='lat' dir='ltr'><strong><em>et</em></strong></span> <span class='ocrx_word' id='word_1_624' title='bbox 1577 4486 1759 4542; x_wconf 88' lang='lat' dir='ltr'><strong><em>admiraban-</em></strong></span> 
     </span>
     <span class='ocr_line' id='line_1_46' title="bbox 73 4576 1762 4652; baseline 0 -23"><span class='ocrx_word' id='word_1_625' title='bbox 73 4576 161 4635; x_wconf 85' lang='lat' dir='ltr'><strong><em>cteos:</em></strong></span> <span class='ocrx_word' id='word_1_626' title='bbox 177 4580 236 4635; x_wconf 86' lang='lat' dir='ltr'><strong><em>l&#39;iri</em></strong></span> <span class='ocrx_word' id='word_1_627' title='bbox 249 4577 372 4647; x_wconf 75' lang='lat' dir='ltr'><strong><em>Galilaei,</em></strong></span> <span class='ocrx_word' id='word_1_628' title='bbox 384 4580 450 4652; x_wconf 82' lang='lat' dir='ltr'><strong><em>qaid</em></strong></span> <span class='ocrx_word' id='word_1_629' title='bbox 460 4580 539 4634; x_wconf 90' lang='lat' dir='ltr'><strong><em>statis</em></strong></span> <span class='ocrx_word' id='word_1_630' title='bbox 551 4578 724 4648; x_wconf 86' lang='lat' dir='ltr'><strong><em>respicientes</em></strong></span> <span class='ocrx_word' id='word_1_631' title='bbox 734 4579 764 4632; x_wconf 92' lang='lat' dir='ltr'><strong><em>in</em></strong></span> <span class='ocrx_word' id='word_1_632' title='bbox 774 4577 884 4633; x_wconf 82' lang='lat' dir='ltr'><strong><em>columi</em></strong></span> <span class='ocrx_word' id='word_1_633' title='bbox 937 4585 993 4646; x_wconf 89' lang='lat' dir='ltr'><strong><em>tur,</em></strong></span> <span class='ocrx_word' id='word_1_634' title='bbox 1013 4579 1048 4635; x_wconf 92' lang='lat' dir='ltr'><strong><em>ad</em></strong></span> <span class='ocrx_word' id='word_1_635' title='bbox 1063 4579 1179 4633; x_wconf 83' lang='lat' dir='ltr'><strong><em>invicem</em></strong></span> <span class='ocrx_word' id='word_1_636' title='bbox 1203 4578 1322 4634; x_wconf 89' lang='lat' dir='ltr'><strong><em>dicentes</em></strong></span> <span class='ocrx_word' id='word_1_637' title='bbox 1333 4596 1343 4633; x_wconf 93' lang='grc'><strong><em>.·</em></strong></span> <span class='ocrx_word' id='word_1_638' title='bbox 1355 4578 1450 4634; x_wconf 85' lang='lat' dir='ltr'><strong><em>Nonne</em></strong></span> <span class='ocrx_word' id='word_1_639' title='bbox 1472 4576 1627 4647; x_wconf 80' lang='lat' dir='ltr'><strong><em>omnesqui</em></strong></span> <span class='ocrx_word' id='word_1_640' title='bbox 1645 4576 1762 4648; x_wconf 77' lang='lat' dir='ltr'><strong><em>loquun-</em></strong></span> 
     </span>
     <span class='ocr_line' id='line_1_47' title="bbox 10 4663 1761 4740; baseline -0.002 -19"><span class='ocrx_word' id='word_1_641' title='bbox 10 4714 12 4721; x_wconf 93' lang='lat'><em>.</em></span> <span class='ocrx_word' id='word_1_642' title='bbox 72 4663 730 4740; x_wconf 78' lang='lat' dir='ltr'><strong><em>liederuspuiassumptusestincoelumaoobis,</em></strong></span> <span class='ocrx_word' id='word_1_643' title='bbox 745 4667 884 4723; x_wconf 82' lang='lat' dir='ltr'><strong><em>sicoeniet</em></strong></span> <span class='ocrx_word' id='word_1_644' title='bbox 937 4675 995 4740; x_wconf 89' lang='lat' dir='ltr'><strong><em>tar,</em></strong></span> <span class='ocrx_word' id='word_1_645' title='bbox 1012 4669 1123 4723; x_wconf 88' lang='lat' dir='ltr'><strong><em>natione</em></strong></span> <span class='ocrx_word' id='word_1_646' title='bbox 1149 4669 1214 4722; x_wconf 87' lang='lat' dir='ltr'><strong><em>sant</em></strong></span> <span class='ocrx_word' id='word_1_647' title='bbox 1237 4666 1369 4724; x_wconf 80' lang='lat' dir='ltr'><strong><em>Galilaei?</em></strong></span> <span class='ocrx_word' id='word_1_648' title='bbox 1384 4669 1416 4722; x_wconf 81' lang='lat' dir='ltr'><strong><em>st</em></strong></span> <span class='ocrx_word' id='word_1_649' title='bbox 1440 4664 1570 4737; x_wconf 85' lang='lat' dir='ltr'><strong><em>quomodo</em></strong></span> <span class='ocrx_word' id='word_1_650' title='bbox 1585 4665 1761 4733; x_wconf 81' lang='lat' dir='ltr'><strong><em>opnosoimus</em></strong></span> 
     </span>
     <span class='ocr_line' id='line_1_48' title="bbox 10 4744 1761 4828; baseline -0.003 -15"><span class='ocrx_word' id='word_1_651' title='bbox 10 4744 12 4767; x_wconf 90' lang='lat'>&#39;</span> <span class='ocrx_word' id='word_1_652' title='bbox 72 4757 286 4824; x_wconf 73' lang='lat' dir='ltr'><strong><em>lnmadmodanr</em></strong></span> <span class='ocrx_word' id='word_1_653' title='bbox 304 4758 410 4814; x_wconf 88' lang='lat' dir='ltr'><strong><em>uidistis</em></strong></span> <span class='ocrx_word' id='word_1_654' title='bbox 423 4774 487 4813; x_wconf 87' lang='lat' dir='ltr'><strong><em>eam</em></strong></span> <span class='ocrx_word' id='word_1_655' title='bbox 510 4764 621 4812; x_wconf 90' lang='lat' dir='ltr'><strong><em>euntem</em></strong></span> <span class='ocrx_word' id='word_1_656' title='bbox 644 4755 796 4810; x_wconf 80' lang='lat' dir='ltr'><strong><em>iaculum.</em></strong></span> <span class='ocrx_word' id='word_1_657' title='bbox 812 4755 885 4810; x_wconf 82' lang='lat' dir='ltr'><strong><em>Tunc</em></strong></span> <span class='ocrx_word' id='word_1_658' title='bbox 939 4760 970 4814; x_wconf 86' lang='lat' dir='ltr'><strong><em>tn</em></strong></span> <span class='ocrx_word' id='word_1_659' title='bbox 985 4757 1043 4813; x_wconf 83' lang='lat' dir='ltr'><strong><em>illis</em></strong></span> <span class='ocrx_word' id='word_1_660' title='bbox 1056 4770 1210 4812; x_wconf 89' lang='lat' dir='ltr'><strong><em>sermonem</em></strong></span> <span class='ocrx_word' id='word_1_661' title='bbox 1224 4757 1254 4810; x_wconf 90' lang='lat' dir='ltr'><strong><em>in</em></strong></span> <span class='ocrx_word' id='word_1_662' title='bbox 1268 4771 1320 4828; x_wconf 83' lang='lat' dir='ltr'><strong><em>pua</em></strong></span> <span class='ocrx_word' id='word_1_663' title='bbox 1336 4754 1397 4811; x_wconf 89' lang='lat' dir='ltr'><strong><em>nati</em></strong></span> <span class='ocrx_word' id='word_1_664' title='bbox 1411 4757 1528 4811; x_wconf 81' lang='lat' dir='ltr'><strong><em>sumus?</em></strong></span> <span class='ocrx_word' id='word_1_665' title='bbox 1540 4752 1650 4810; x_wconf 78' lang='lat' dir='ltr'><strong><em>Parthi.</em></strong></span> <span class='ocrx_word' id='word_1_666' title='bbox 1667 4755 1761 4809; x_wconf 80' lang='lat' dir='ltr'><strong><em>eilde·</em></strong></span> 
     </span>
     <span class='ocr_line' id='line_1_49' title="bbox 72 4841 1764 4919; baseline 0.001 -21"><span class='ocrx_word' id='word_1_667' title='bbox 72 4848 161 4902; x_wconf 82' lang='lat' dir='ltr'><strong><em>reuersi</em></strong></span> <span class='ocrx_word' id='word_1_668' title='bbox 176 4855 242 4901; x_wconf 89' lang='lat' dir='ltr'><strong><em>sunt</em></strong></span> <span class='ocrx_word' id='word_1_669' title='bbox 262 4847 461 4919; x_wconf 78' lang='lat' dir='ltr'><strong><em>lerosolymam</em></strong></span> <span class='ocrx_word' id='word_1_670' title='bbox 475 4847 590 4902; x_wconf 87' lang='lat' dir='ltr'><strong><em>ornante</em></strong></span> <span class='ocrx_word' id='word_1_671' title='bbox 599 4844 650 4915; x_wconf 84' lang='lat' dir='ltr'><strong><em>qui</em></strong></span> <span class='ocrx_word' id='word_1_672' title='bbox 662 4851 772 4899; x_wconf 81' lang='lat' dir='ltr'><strong><em>roratur</em></strong></span> <span class='ocrx_word' id='word_1_673' title='bbox 781 4843 883 4910; x_wconf 81' lang='lat' dir='ltr'><strong><em>liluon,</em></strong></span> <span class='ocrx_word' id='word_1_674' title='bbox 938 4847 978 4917; x_wconf 92' lang='lat' dir='ltr'><strong><em>di,</em></strong></span> <span class='ocrx_word' id='word_1_675' title='bbox 994 4858 1020 4902; x_wconf 82' lang='lat' dir='ltr'><strong><em>er</em></strong></span> <span class='ocrx_word' id='word_1_676' title='bbox 1033 4846 1169 4911; x_wconf 75' lang='lat' dir='ltr'><strong><em>Elamite,</em></strong></span> <span class='ocrx_word' id='word_1_677' title='bbox 1184 4848 1271 4916; x_wconf 82' lang='lat' dir='ltr'><strong><em>etqui</em></strong></span> <span class='ocrx_word' id='word_1_678' title='bbox 1285 4843 1412 4899; x_wconf 81' lang='lat' dir='ltr'><strong><em>habitant</em></strong></span> <span class='ocrx_word' id='word_1_679' title='bbox 1427 4843 1656 4916; x_wconf 66' lang='lat' dir='ltr'><strong><em>Mesopotamiam,</em></strong></span> <span class='ocrx_word' id='word_1_680' title='bbox 1670 4841 1764 4900; x_wconf 76' lang='lat' dir='ltr'><strong><em>tudu-</em></strong></span> 
     </span>
     <span class='ocr_line' id='line_1_50' title="bbox 71 4930 1765 5009; baseline -0.001 -22"><span class='ocrx_word' id='word_1_681' title='bbox 71 4936 238 5008; x_wconf 79' lang='lat' dir='ltr'><strong><em>pniestjunta</em></strong></span> <span class='ocrx_word' id='word_1_682' title='bbox 248 4937 458 5009; x_wconf 75' lang='lat' dir='ltr'><strong><em>lerosolymam·</em></strong></span> <span class='ocrx_word' id='word_1_683' title='bbox 468 4936 577 4992; x_wconf 91' lang='lat' dir='ltr'><strong><em>sabbati</em></strong></span> <span class='ocrx_word' id='word_1_684' title='bbox 586 4934 764 4990; x_wconf 85' lang='lat' dir='ltr'><strong><em>babensitcr.</em></strong></span> <span class='ocrx_word' id='word_1_685' title='bbox 777 4933 810 4988; x_wconf 78' lang='lat' dir='ltr'><strong><em>Et</em></strong></span> <span class='ocrx_word' id='word_1_686' title='bbox 821 4948 885 4988; x_wconf 89' lang='lat' dir='ltr'><strong><em>cum</em></strong></span> <span class='ocrx_word' id='word_1_687' title='bbox 939 4952 984 4991; x_wconf 90' lang='lat' dir='ltr'><strong><em>am</em></strong></span> <span class='ocrx_word' id='word_1_688' title='bbox 999 4941 1025 4992; x_wconf 89' lang='lat' dir='ltr'><strong><em>et</em></strong></span> <span class='ocrx_word' id='word_1_689' title='bbox 1039 4932 1269 5006; x_wconf 81' lang='lat' dir='ltr'><strong><em>Cappadociam⁸‚</em></strong></span> <span class='ocrx_word' id='word_1_690' title='bbox 1294 4934 1414 4989; x_wconf 86' lang='lat' dir='ltr'><strong><em>Pontum</em></strong></span> <span class='ocrx_word' id='word_1_691' title='bbox 1441 4939 1468 4988; x_wconf 84' lang='lat' dir='ltr'><strong><em>et</em></strong></span> <span class='ocrx_word' id='word_1_692' title='bbox 1479 4933 1582 5003; x_wconf 88' lang='lat' dir='ltr'><strong><em>Asiam,</em></strong></span> <span class='ocrx_word' id='word_1_693' title='bbox 1599 4930 1765 5003; x_wconf 84' lang='lat' dir='ltr'><strong><em>Plnppiom·</em></strong></span> 
     </span>
     <span class='ocr_line' id='line_1_51' title="bbox 69 5020 1764 5097; baseline 0.001 -24"><span class='ocrx_word' id='word_1_694' title='bbox 69 5023 226 5093; x_wconf 85' lang='lat' dir='ltr'><strong><em>introissent,</em></strong></span> <span class='ocrx_word' id='word_1_695' title='bbox 243 5026 426 5082; x_wconf 85' lang='lat' dir='ltr'><strong><em>ascenderant</em></strong></span> <span class='ocrx_word' id='word_1_696' title='bbox 440 5026 471 5080; x_wconf 85' lang='lat' dir='ltr'><strong><em>in</em></strong></span> <span class='ocrx_word' id='word_1_697' title='bbox 484 5025 639 5097; x_wconf 88' lang='lat' dir='ltr'><strong><em>superiora,</em></strong></span> <span class='ocrx_word' id='word_1_698' title='bbox 658 5023 708 5078; x_wconf 90' lang='lat' dir='ltr'><strong><em>ubi</em></strong></span> <span class='ocrx_word' id='word_1_699' title='bbox 725 5021 887 5079; x_wconf 77' lang='lat' dir='ltr'><strong><em>habitabant</em></strong></span> <span class='ocrx_word' id='word_1_700' title='bbox 940 5033 1030 5096; x_wconf 82' lang='lat' dir='ltr'><strong><em>quest</em></strong></span> <span class='ocrx_word' id='word_1_701' title='bbox 1044 5023 1248 5095; x_wconf 75' lang='lat' dir='ltr'><strong><em>Pamphyliam,</em></strong></span> <span class='ocrx_word' id='word_1_702' title='bbox 1277 5023 1426 5094; x_wconf 79' lang='lat' dir='ltr'><strong><em>AEppptnm</em></strong></span> <span class='ocrx_word' id='word_1_703' title='bbox 1447 5029 1473 5078; x_wconf 89' lang='lat' dir='ltr'><strong><em>et</em></strong></span> <span class='ocrx_word' id='word_1_704' title='bbox 1492 5036 1584 5093; x_wconf 87' lang='lat' dir='ltr'><strong><em>partes</em></strong></span> <span class='ocrx_word' id='word_1_705' title='bbox 1598 5020 1691 5092; x_wconf 73' lang='lat' dir='ltr'><strong><em>osope</em></strong></span> <span class='ocrx_word' id='word_1_706' title='bbox 1704 5032 1764 5092; x_wconf 77' lang='lat' dir='ltr'><strong><em>quos</em></strong></span> 
     </span>
     <span class='ocr_line' id='line_1_52' title="bbox 67 5108 1763 5184; baseline -0.002 -19"><span class='ocrx_word' id='word_1_707' title='bbox 67 5111 156 5168; x_wconf 84' lang='lat' dir='ltr'><strong><em>Petras</em></strong></span> <span class='ocrx_word' id='word_1_708' title='bbox 170 5119 197 5170; x_wconf 90' lang='lat' dir='ltr'><strong><em>et</em></strong></span> <span class='ocrx_word' id='word_1_709' title='bbox 211 5115 339 5178; x_wconf 85' lang='lat' dir='ltr'><strong><em>loannes,</em></strong></span> <span class='ocrx_word' id='word_1_710' title='bbox 362 5116 476 5173; x_wconf 86' lang='lat' dir='ltr'><strong><em>looobas</em></strong></span> <span class='ocrx_word' id='word_1_711' title='bbox 498 5122 524 5170; x_wconf 91' lang='lat' dir='ltr'><strong><em>et</em></strong></span> <span class='ocrx_word' id='word_1_712' title='bbox 546 5113 680 5181; x_wconf 80' lang='lat' dir='ltr'><strong><em>Andreas,</em></strong></span> <span class='ocrx_word' id='word_1_713' title='bbox 700 5110 846 5184; x_wconf 81' lang='lat' dir='ltr'><strong><em>Philippus</em></strong></span> <span class='ocrx_word' id='word_1_714' title='bbox 860 5119 886 5168; x_wconf 91' lang='lat' dir='ltr'><strong><em>et</em></strong></span> <span class='ocrx_word' id='word_1_715' title='bbox 940 5119 978 5170; x_wconf 90' lang='lat' dir='ltr'><strong><em>est</em></strong></span> <span class='ocrx_word' id='word_1_716' title='bbox 993 5114 1067 5169; x_wconf 85' lang='lat' dir='ltr'><strong><em>eirca</em></strong></span> <span class='ocrx_word' id='word_1_717' title='bbox 1096 5110 1237 5184; x_wconf 84' lang='lat' dir='ltr'><strong><em>Cprenem,</em></strong></span> <span class='ocrx_word' id='word_1_718' title='bbox 1264 5118 1289 5166; x_wconf 87' lang='lat' dir='ltr'><strong><em>et</em></strong></span> <span class='ocrx_word' id='word_1_719' title='bbox 1315 5112 1363 5183; x_wconf 82' lang='lat' dir='ltr'><strong><em>qui</em></strong></span> <span class='ocrx_word' id='word_1_720' title='bbox 1390 5110 1557 5167; x_wconf 85' lang='lat' dir='ltr'><strong><em>aduenerant</em></strong></span> <span class='ocrx_word' id='word_1_721' title='bbox 1570 5110 1697 5176; x_wconf 82' lang='lat' dir='ltr'><strong><em>Romani,</em></strong></span> <span class='ocrx_word' id='word_1_722' title='bbox 1712 5108 1763 5164; x_wconf 84' lang='lat' dir='ltr'><strong><em>lu·</em></strong></span> 
     </span>
     <span class='ocr_line' id='line_1_53' title="bbox 70 5198 1764 5277; baseline -0.001 -22"><span class='ocrx_word' id='word_1_723' title='bbox 70 5200 184 5268; x_wconf 84' lang='lat' dir='ltr'><strong><em>Tbomas,</em></strong></span> <span class='ocrx_word' id='word_1_724' title='bbox 200 5203 419 5261; x_wconf 82' lang='lat' dir='ltr'><strong><em>Dartbolomaeas</em></strong></span> <span class='ocrx_word' id='word_1_725' title='bbox 434 5208 459 5259; x_wconf 89' lang='lat' dir='ltr'><strong><em>et</em></strong></span> <span class='ocrx_word' id='word_1_726' title='bbox 473 5202 632 5272; x_wconf 80' lang='lat' dir='ltr'><strong><em>llattbaeus,</em></strong></span> <span class='ocrx_word' id='word_1_727' title='bbox 642 5200 758 5258; x_wconf 81' lang='lat' dir='ltr'><strong><em>lacobus</em></strong></span> <span class='ocrx_word' id='word_1_728' title='bbox 766 5199 885 5272; x_wconf 71' lang='lat' dir='ltr'><strong><em>Alphei,</em></strong></span> <span class='ocrx_word' id='word_1_729' title='bbox 940 5205 1050 5277; x_wconf 76' lang='lat' dir='ltr'><strong><em>daeique</em></strong></span> <span class='ocrx_word' id='word_1_730' title='bbox 1063 5207 1090 5259; x_wconf 88' lang='lat' dir='ltr'><strong><em>et</em></strong></span> <span class='ocrx_word' id='word_1_731' title='bbox 1114 5200 1263 5274; x_wconf 78' lang='lat' dir='ltr'><strong><em>Proselyti,</em></strong></span> <span class='ocrx_word' id='word_1_732' title='bbox 1288 5202 1426 5258; x_wconf 83' lang='lat' dir='ltr'><strong><em>Cretenses</em></strong></span> <span class='ocrx_word' id='word_1_733' title='bbox 1453 5203 1479 5257; x_wconf 90' lang='lat' dir='ltr'><strong><em>et</em></strong></span> <span class='ocrx_word' id='word_1_734' title='bbox 1492 5200 1601 5269; x_wconf 80' lang='lat' dir='ltr'><strong><em>Arabes,</em></strong></span> <span class='ocrx_word' id='word_1_735' title='bbox 1617 5198 1764 5255; x_wconf 80' lang='lat' dir='ltr'><strong><em>saliebant</em></strong></span> 
     </span>
     <span class='ocr_line' id='line_1_54' title="bbox 66 5287 1763 5367; baseline -0.002 -22"><span class='ocrx_word' id='word_1_736' title='bbox 66 5294 89 5345; x_wconf 86' lang='lat' dir='ltr'><strong><em>et</em></strong></span> <span class='ocrx_word' id='word_1_737' title='bbox 97 5292 193 5347; x_wconf 82' lang='lat' dir='ltr'><strong><em>Simon</em></strong></span> <span class='ocrx_word' id='word_1_738' title='bbox 203 5291 320 5359; x_wconf 90' lang='lat' dir='ltr'><strong><em>Zelotes,</em></strong></span> <span class='ocrx_word' id='word_1_739' title='bbox 330 5297 356 5349; x_wconf 93' lang='lat' dir='ltr'><strong><em>et</em></strong></span> <span class='ocrx_word' id='word_1_740' title='bbox 366 5293 451 5350; x_wconf 84' lang='lat' dir='ltr'><strong><em>ludas</em></strong></span> <span class='ocrx_word' id='word_1_741' title='bbox 461 5291 563 5348; x_wconf 85' lang='lat' dir='ltr'><strong><em>iacobi.</em></strong></span> <span class='ocrx_word' id='word_1_742' title='bbox 578 5292 609 5345; x_wconf 83' lang='lat' dir='ltr'><strong><em>st</em></strong></span> <span class='ocrx_word' id='word_1_743' title='bbox 619 5292 698 5345; x_wconf 78' lang='lat' dir='ltr'><strong><em>eram</em></strong></span> <span class='ocrx_word' id='word_1_744' title='bbox 706 5304 886 5361; x_wconf 85' lang='lat' dir='ltr'><strong><em>perseueran·</em></strong></span> <span class='ocrx_word' id='word_1_745' title='bbox 941 5295 1077 5367; x_wconf 77' lang='lat' dir='ltr'><strong><em>loquentes</em></strong></span> <span class='ocrx_word' id='word_1_746' title='bbox 1092 5292 1154 5347; x_wconf 89' lang='lat' dir='ltr'><strong><em>illos</em></strong></span> <span class='ocrx_word' id='word_1_747' title='bbox 1176 5292 1235 5346; x_wconf 88' lang='lat' dir='ltr'><strong><em>suis</em></strong></span> <span class='ocrx_word' id='word_1_748' title='bbox 1255 5290 1361 5359; x_wconf 81' lang='lat' dir='ltr'><strong><em>ttnpais</em></strong></span> <span class='ocrx_word' id='word_1_749' title='bbox 1382 5289 1525 5362; x_wconf 79' lang='lat' dir='ltr'><strong><em>mappalia</em></strong></span> <span class='ocrx_word' id='word_1_750' title='bbox 1543 5289 1593 5344; x_wconf 90' lang='lat' dir='ltr'><strong><em>Dei</em></strong></span> <span class='ocrx_word' id='word_1_751' title='bbox 1615 5287 1685 5358; x_wconf 88' lang='lat' dir='ltr'><strong><em>(Act.</em></strong></span> <span class='ocrx_word' id='word_1_752' title='bbox 1704 5302 1763 5351; x_wconf 90' lang='lat'><strong><em>1·11,</em></strong></span> 
     </span>
     <span class='ocr_line' id='line_1_55' title="bbox 64 5373 1764 5454; baseline -0.004 -19"><span class='ocrx_word' id='word_1_753' title='bbox 64 5388 100 5435; x_wconf 85' lang='lat' dir='ltr'><strong><em>tes</em></strong></span> <span class='ocrx_word' id='word_1_754' title='bbox 113 5397 206 5436; x_wconf 88' lang='lat' dir='ltr'><strong><em>omnes</em></strong></span> <span class='ocrx_word' id='word_1_755' title='bbox 221 5385 368 5438; x_wconf 88' lang='lat' dir='ltr'><strong><em>unanimes</em></strong></span> <span class='ocrx_word' id='word_1_756' title='bbox 379 5384 409 5437; x_wconf 89' lang='lat' dir='ltr'><strong><em>in</em></strong></span> <span class='ocrx_word' id='word_1_757' title='bbox 419 5381 667 5446; x_wconf 83' lang='lat' dir='ltr'><strong><em>orationibus,aum</em></strong></span> <span class='ocrx_word' id='word_1_758' title='bbox 677 5379 850 5446; x_wconf 87' lang='lat' dir='ltr'><strong><em>mulieribus,</em></strong></span> <span class='ocrx_word' id='word_1_759' title='bbox 862 5381 888 5434; x_wconf 86' lang='lat' dir='ltr'><strong><em>et</em></strong></span> <span class='ocrx_word' id='word_1_760' title='bbox 942 5383 997 5454; x_wconf 86' lang='lat'>11).</span> <span class='ocrx_word' id='word_1_761' title='bbox 1016 5384 1130 5437; x_wconf 87' lang='lat' dir='ltr'><strong><em>Etcum</em></strong></span> <span class='ocrx_word' id='word_1_762' title='bbox 1147 5380 1291 5449; x_wconf 82' lang='lat' dir='ltr'><strong><em>recitaret,</em></strong></span> <span class='ocrx_word' id='word_1_763' title='bbox 1307 5379 1396 5435; x_wconf 83' lang='lat' dir='ltr'><strong><em>dixit:</em></strong></span> <span class='ocrx_word' id='word_1_764' title='bbox 1411 5378 1521 5434; x_wconf 84' lang='lat' dir='ltr'><strong><em>Audisti</em></strong></span> <span class='ocrx_word' id='word_1_765' title='bbox 1538 5376 1686 5446; x_wconf 84' lang='lat' dir='ltr'><strong><em>nunojsm</em></strong></span> <span class='ocrx_word' id='word_1_766' title='bbox 1697 5373 1764 5446; x_wconf 86' lang='lat' dir='ltr'><strong><em>Spi-</em></strong></span> 
     </span>
     <span class='ocr_line' id='line_1_56' title="bbox 63 5464 1765 5542; baseline -0.003 -18"><span class='ocrx_word' id='word_1_767' title='bbox 63 5469 149 5525; x_wconf 88' lang='lat' dir='ltr'><strong><em>llnria</em></strong></span> <span class='ocrx_word' id='word_1_768' title='bbox 164 5486 228 5542; x_wconf 80' lang='lat' dir='ltr'><strong><em>quae</em></strong></span> <span class='ocrx_word' id='word_1_769' title='bbox 241 5473 333 5541; x_wconf 74' lang='lat' dir='ltr'><strong><em>tanat</em></strong></span> <span class='ocrx_word' id='word_1_770' title='bbox 346 5474 436 5526; x_wconf 87' lang='lat' dir='ltr'><strong><em>mater</em></strong></span> <span class='ocrx_word' id='word_1_771' title='bbox 450 5472 522 5536; x_wconf 81' lang='lat' dir='ltr'><strong><em>lesu,</em></strong></span> <span class='ocrx_word' id='word_1_772' title='bbox 537 5473 562 5526; x_wconf 91' lang='lat' dir='ltr'><strong><em>et</em></strong></span> <span class='ocrx_word' id='word_1_773' title='bbox 573 5469 712 5540; x_wconf 77' lang='lat' dir='ltr'><strong><em>tratribus</em></strong></span> <span class='ocrx_word' id='word_1_774' title='bbox 727 5468 795 5540; x_wconf 81' lang='lat' dir='ltr'><strong><em>ejas.</em></strong></span> <span class='ocrx_word' id='word_1_775' title='bbox 811 5469 843 5523; x_wconf 82' lang='lat' dir='ltr'><strong><em>lit</em></strong></span> <span class='ocrx_word' id='word_1_776' title='bbox 857 5468 887 5524; x_wconf 88' lang='lat' dir='ltr'><strong><em>in</em></strong></span> <span class='ocrx_word' id='word_1_777' title='bbox 942 5473 1029 5528; x_wconf 83' lang='lat' dir='ltr'><strong><em>ritum</em></strong></span> <span class='ocrx_word' id='word_1_778' title='bbox 1046 5474 1193 5539; x_wconf 85' lang='lat' dir='ltr'><strong><em>sanctum,</em></strong></span> <span class='ocrx_word' id='word_1_779' title='bbox 1216 5470 1362 5541; x_wconf 90' lang='lat' dir='ltr'><strong><em>quomodo</em></strong></span> <span class='ocrx_word' id='word_1_780' title='bbox 1385 5468 1425 5525; x_wconf 88' lang='lat' dir='ltr'><strong><em>sit</em></strong></span> <span class='ocrx_word' id='word_1_781' title='bbox 1436 5468 1567 5523; x_wconf 83' lang='lat' dir='ltr'><strong><em>missus?</em></strong></span> <span class='ocrx_word' id='word_1_782' title='bbox 1588 5464 1669 5531; x_wconf 83' lang='lat' dir='ltr'><strong><em>Quod</em></strong></span> <span class='ocrx_word' id='word_1_783' title='bbox 1685 5480 1703 5520; x_wconf 85' lang='lat' dir='ltr'><strong><em>s</em></strong></span> <span class='ocrx_word' id='word_1_784' title='bbox 1717 5479 1765 5520; x_wconf 87' lang='lat' dir='ltr'><strong><em>mo</em></strong></span> 
     </span>
     <span class='ocr_line' id='line_1_57' title="bbox 65 5557 1764 5639; baseline 0.001 -26"><span class='ocrx_word' id='word_1_785' title='bbox 65 5558 396 5616; x_wconf 79' lang='lat' dir='ltr'><strong><em>diebasillisecsnrrenit</em></strong></span> <span class='ocrx_word' id='word_1_786' title='bbox 407 5562 501 5616; x_wconf 86' lang='lat' dir='ltr'><strong><em>Petras</em></strong></span> <span class='ocrx_word' id='word_1_787' title='bbox 514 5562 545 5615; x_wconf 89' lang='lat' dir='ltr'><strong><em>in</em></strong></span> <span class='ocrx_word' id='word_1_788' title='bbox 558 5557 648 5613; x_wconf 78' lang='lat' dir='ltr'><strong><em>medio</em></strong></span> <span class='ocrx_word' id='word_1_789' title='bbox 660 5558 827 5612; x_wconf 88' lang='lat' dir='ltr'><strong><em>discentium</em></strong></span> <span class='ocrx_word' id='word_1_790' title='bbox 838 5558 888 5626; x_wconf 84' lang='lat' dir='ltr'><strong><em>¹,et</em></strong></span> <span class='ocrx_word' id='word_1_791' title='bbox 973 5580 982 5614; x_wconf 82' lang='grc' dir='ltr'><strong><em>ι</em></strong></span> <span class='ocrx_word' id='word_1_792' title='bbox 997 5578 1074 5635; x_wconf 71' lang='lat' dir='ltr'><strong><em>sulti,</em></strong></span> <span class='ocrx_word' id='word_1_793' title='bbox 1085 5577 1155 5627; x_wconf 80' lang='lat' dir='ltr'><strong><em>inter</em></strong></span> <span class='ocrx_word' id='word_1_794' title='bbox 1165 5590 1220 5627; x_wconf 83' lang='lat' dir='ltr'><strong><em>nor.</em></strong></span> <span class='ocrx_word' id='word_1_795' title='bbox 1235 5578 1267 5626; x_wconf 89' lang='lat' dir='ltr'><strong><em>At</em></strong></span> <span class='ocrx_word' id='word_1_796' title='bbox 1283 5575 1354 5638; x_wconf 54' lang='lat' dir='ltr'><strong><em>Mu„</em></strong></span> <span class='ocrx_word' id='word_1_797' title='bbox 1368 5589 1446 5639; x_wconf 79' lang='lat' dir='ltr'><strong><em>super</em></strong></span> <span class='ocrx_word' id='word_1_798' title='bbox 1466 5586 1520 5622; x_wconf 61' lang='lat' dir='ltr'><strong><em>nos,</em></strong></span> <span class='ocrx_word' id='word_1_799' title='bbox 1538 5572 1617 5623; x_wconf 71' lang='lat' dir='ltr'><strong><em>,imm</em></strong></span> <span class='ocrx_word' id='word_1_800' title='bbox 1629 5571 1764 5634; x_wconf 60' lang='lat' dir='ltr'><strong><em>erasum,</em></strong></span> 
     </span>
    </p>
   </div>
   <div class='ocr_carea' id='block_1_3' title="bbox 62 5640 1679 5763">
    <p class='ocr_par' dir='ltr' id='par_1_3' title="bbox 62 5640 1679 5763">
     <span class='ocr_line' id='line_1_58' title="bbox 62 5640 1679 5763; baseline 0.015 -60"><span class='ocrx_word' id='word_1_801' title='bbox 62 5647 888 5722; x_wconf 72' lang='lat' dir='ltr'><strong><em>dixitlsuitautemtarbainnuo,bominumquasicentum</em></strong></span> <span class='ocrx_word' id='word_1_802' title='bbox 941 5640 1153 5753; x_wconf 42' lang='lat' dir='ltr'><strong><em>mmmm</em></strong></span> <span class='ocrx_word' id='word_1_803' title='bbox 1176 5714 1236 5751; x_wconf 47' lang='lat' dir='ltr'><strong><em>was</em></strong></span> <span class='ocrx_word' id='word_1_804' title='bbox 1259 5714 1292 5750; x_wconf 54' lang='lat' dir='ltr'><strong><em>ex</em></strong></span> <span class='ocrx_word' id='word_1_805' title='bbox 1306 5699 1359 5749; x_wconf 52' lang='lat' dir='ltr'><strong><em>Mu</em></strong></span> <span class='ocrx_word' id='word_1_806' title='bbox 1382 5699 1414 5749; x_wconf 60' lang='lat' dir='ltr'><strong><em>,n</em></strong></span> <span class='ocrx_word' id='word_1_807' title='bbox 1433 5712 1521 5763; x_wconf 59' lang='lat' dir='ltr'><strong><em>mco</em></strong></span> <span class='ocrx_word' id='word_1_808' title='bbox 1535 5700 1576 5748; x_wconf 54' lang='grc' dir='ltr'>ω</span> <span class='ocrx_word' id='word_1_809' title='bbox 1599 5696 1679 5748; x_wconf 60' lang='lat' dir='ltr'><strong><em>ww„</em></strong></span> 
     </span>
    </p>
   </div>
   <div class='ocr_carea' id='block_1_4' title="bbox 62 5760 1765 5956">
    <p class='ocr_par' dir='ltr' id='par_1_4' title="bbox 62 5760 1765 5956">
     <span class='ocr_line' id='line_1_59' title="bbox 972 5760 1765 5827; baseline -0.006 -12"><span class='ocrx_word' id='word_1_810' title='bbox 972 5766 1064 5815; x_wconf 67' lang='lat' dir='ltr'><strong><em>tuditi</em></strong></span> <span class='ocrx_word' id='word_1_811' title='bbox 1078 5764 1209 5823; x_wconf 76' lang='lat' dir='ltr'><strong><em>forebant,</em></strong></span> <span class='ocrx_word' id='word_1_812' title='bbox 1224 5762 1373 5812; x_wconf 84' lang='lat' dir='ltr'><strong><em>Armeniam</em></strong></span> <span class='ocrx_word' id='word_1_813' title='bbox 1397 5766 1422 5812; x_wconf 88' lang='lat' dir='ltr'><strong><em>et</em></strong></span> <span class='ocrx_word' id='word_1_814' title='bbox 1446 5764 1501 5827; x_wconf 85' lang='lat' dir='ltr'><strong><em>Cap</em></strong></span> <span class='ocrx_word' id='word_1_815' title='bbox 1536 5760 1645 5810; x_wconf 84' lang='lat' dir='ltr'><strong><em>dociam.</em></strong></span> <span class='ocrx_word' id='word_1_816' title='bbox 1669 5761 1765 5811; x_wconf 84' lang='lat' dir='ltr'><strong><em>Emsn·</em></strong></span> 
     </span>
     <span class='ocr_line' id='line_1_60' title="bbox 94 5820 1765 5893; baseline -0.008 -7"><span class='ocrx_word' id='word_1_817' title='bbox 94 5828 104 5862; x_wconf 84' lang='lat'><strong>¹</strong></span> <span class='ocrx_word' id='word_1_818' title='bbox 117 5826 197 5886; x_wconf 75' lang='lat' dir='ltr'><strong><em>editi,</em></strong></span> <span class='ocrx_word' id='word_1_819' title='bbox 211 5828 239 5877; x_wconf 69' lang='lat' dir='ltr'><strong><em>in</em></strong></span> <span class='ocrx_word' id='word_1_820' title='bbox 252 5828 336 5878; x_wconf 73' lang='lat' dir='ltr'><strong><em>medio</em></strong></span> <span class='ocrx_word' id='word_1_821' title='bbox 347 5829 483 5893; x_wconf 63' lang='lat' dir='ltr'><strong><em>panum,</em></strong></span> <span class='ocrx_word' id='word_1_822' title='bbox 498 5825 532 5877; x_wconf 68' lang='lat' dir='ltr'><strong><em>Al</em></strong></span> <span class='ocrx_word' id='word_1_823' title='bbox 548 5824 623 5886; x_wconf 52' lang='grc' dir='ltr'>Μαι,</span> <span class='ocrx_word' id='word_1_824' title='bbox 638 5821 799 5875; x_wconf 50' lang='lat' dir='ltr'><strong><em>dimensium·</em></strong></span> <span class='ocrx_word' id='word_1_825' title='bbox 814 5823 887 5877; x_wconf 73' lang='lat' dir='ltr'><strong><em>Gros-</em></strong></span> <span class='ocrx_word' id='word_1_826' title='bbox 941 5828 1038 5879; x_wconf 72' lang='lat' dir='ltr'><strong><em>dantur</em></strong></span> <span class='ocrx_word' id='word_1_827' title='bbox 1052 5841 1084 5878; x_wconf 86' lang='lat' dir='ltr'><strong><em>ex</em></strong></span> <span class='ocrx_word' id='word_1_828' title='bbox 1099 5828 1172 5887; x_wconf 77' lang='lat' dir='ltr'><strong><em>llos,</em></strong></span> <span class='ocrx_word' id='word_1_829' title='bbox 1196 5824 1244 5890; x_wconf 85' lang='lat' dir='ltr'><strong><em>qui</em></strong></span> <span class='ocrx_word' id='word_1_830' title='bbox 1267 5824 1346 5875; x_wconf 84' lang='lat' dir='ltr'><strong><em>isthic</em></strong></span> <span class='ocrx_word' id='word_1_831' title='bbox 1359 5836 1447 5888; x_wconf 74' lang='lat' dir='ltr'><strong><em>greco</em></strong></span> <span class='ocrx_word' id='word_1_832' title='bbox 1463 5830 1490 5878; x_wconf 85' lang='lat' dir='ltr'><strong><em>ot</em></strong></span> <span class='ocrx_word' id='word_1_833' title='bbox 1515 5824 1589 5876; x_wconf 74' lang='lat' dir='ltr'><strong><em>stium</em></strong></span> <span class='ocrx_word' id='word_1_834' title='bbox 1604 5825 1689 5875; x_wconf 85' lang='lat' dir='ltr'><strong><em>textui</em></strong></span> <span class='ocrx_word' id='word_1_835' title='bbox 1702 5820 1765 5874; x_wconf 77' lang='lat' dir='ltr'><strong><em>vul·</em></strong></span> 
     </span>
     <span class='ocr_line' id='line_1_61' title="bbox 62 5890 1208 5956; baseline -0.003 -15"><span class='ocrx_word' id='word_1_836' title='bbox 62 5903 93 5941; x_wconf 85' lang='lat' dir='ltr'><strong><em>os</em></strong></span> <span class='ocrx_word' id='word_1_837' title='bbox 107 5894 159 5952; x_wconf 83' lang='lat' dir='ltr'><strong><em>est,</em></strong></span> <span class='ocrx_word' id='word_1_838' title='bbox 172 5890 316 5943; x_wconf 83' lang='lat' dir='ltr'><strong><em>matbttbn.</em></strong></span> <span class='ocrx_word' id='word_1_839' title='bbox 941 5895 1011 5956; x_wconf 76' lang='lat' dir='ltr'><strong><em>gulas</em></strong></span> <span class='ocrx_word' id='word_1_840' title='bbox 1025 5890 1208 5942; x_wconf 80' lang='lat' dir='ltr'><strong><em>consentiunt.</em></strong></span> 
     </span>
    </p>
   </div>
   <div class='ocr_carea' id='block_1_5' title="bbox 10 6006 1609 6130">
    <p class='ocr_par' dir='ltr' id='par_1_5' title="bbox 10 6006 1609 6130">
     <span class='ocr_line' id='line_1_62' title="bbox 10 6006 1609 6130; baseline -0.001 -59"><span class='ocrx_word' id='word_1_841' title='bbox 10 6006 24 6130; x_wconf 53' lang='grc' dir='ltr'>ι</span> <span class='ocrx_word' id='word_1_842' title='bbox 224 6010 358 6071; x_wconf 76' lang='lat' dir='ltr'><strong><em>Parnon.</em></strong></span> <span class='ocrx_word' id='word_1_843' title='bbox 381 6008 472 6071; x_wconf 78' lang='lat' dir='ltr'><strong><em>thl.</em></strong></span> <span class='ocrx_word' id='word_1_844' title='bbox 1571 6006 1609 6069; x_wconf 77' lang='grc' dir='ltr'><strong><em>ιι</em></strong></span> 
     </span>
    </p>
   </div>
   <div class='ocr_carea' id='block_1_6' title="bbox 0 175 1948 6269">
    <p class='ocr_par' dir='ltr' id='par_1_6' title="bbox 0 175 1948 6269">
     <span class='ocr_line' id='line_1_63' title="bbox 0 175 1948 6269; baseline 0 0"><span class='ocrx_word' id='word_1_845' title='bbox 0 175 1948 6269; x_wconf 95' lang='lat' dir='ltr'><strong><em> </em></strong></span> 
     </span>
    </p>
   </div>
  </div>
 </body>
</html>
