<?xml version="1.0" encoding="UTF-8"?>
<!DOCTYPE html PUBLIC "-//W3C//DTD XHTML 1.0 Transitional//EN"
    "http://www.w3.org/TR/xhtml1/DTD/xhtml1-transitional.dtd">
<html xmlns="http://www.w3.org/1999/xhtml" xml:lang="en" lang="en">
 <head>
  <title>
</title>
<meta http-equiv="Content-Type" content="text/html;charset=utf-8" />
  <meta name='ocr-system' content='tesseract 3.04.00' />
  <meta name='ocr-capabilities' content='ocr_page ocr_carea ocr_par ocr_line ocrx_word'/>
</head>
<body>
  <div class='ocr_page' id='page_1' title='image "./patrologiaecurs01migngoog/patrologiaecurs01migngoog_0033.png"; bbox 0 0 3908 6128; ppageno 0'>
   <div class='ocr_carea' id='block_1_1' title="bbox 162 275 1866 345">
    <p class='ocr_par' dir='ltr' id='par_1_1' title="bbox 162 275 1866 345">
     <span class='ocr_line' id='line_1_1' title="bbox 162 275 1866 345; baseline -0.002 0"><span class='ocrx_word' id='word_1_1' title='bbox 162 284 202 345; x_wconf 79' lang='lat' dir='ltr'>tt</span> <span class='ocrx_word' id='word_1_2' title='bbox 779 280 814 343; x_wconf 84' lang='lat' dir='ltr'>S.</span> <span class='ocrx_word' id='word_1_3' title='bbox 835 276 1050 343; x_wconf 77' lang='lat' dir='ltr'>auousnlnl</span> <span class='ocrx_word' id='word_1_4' title='bbox 1072 275 1249 343; x_wconf 73' lang='lat' dir='ltr'>Episcopi</span> <span class='ocrx_word' id='word_1_5' title='bbox 1825 282 1866 341; x_wconf 75' lang='lat'>56</span> 
     </span>
    </p>
   </div>
   <div class='ocr_carea' id='block_1_2' title="bbox 164 410 1874 1197">
    <p class='ocr_par' dir='ltr' id='par_1_2' title="bbox 164 410 1873 843">
     <span class='ocr_line' id='line_1_2' title="bbox 164 410 1873 481; baseline -0.001 -9"><span class='ocrx_word' id='word_1_6' title='bbox 164 414 303 473; x_wconf 90' lang='lat' dir='ltr'>omnibus</span> <span class='ocrx_word' id='word_1_7' title='bbox 316 415 378 472; x_wconf 79' lang='lat' dir='ltr'>hnc</span> <span class='ocrx_word' id='word_1_8' title='bbox 393 415 470 471; x_wconf 86' lang='lat' dir='ltr'>dicta</span> <span class='ocrx_word' id='word_1_9' title='bbox 486 418 577 471; x_wconf 86' lang='lat' dir='ltr'>sunt:</span> <span class='ocrx_word' id='word_1_10' title='bbox 592 413 733 471; x_wconf 87' lang='lat' dir='ltr'>imovero</span> <span class='ocrx_word' id='word_1_11' title='bbox 751 413 787 471; x_wconf 91' lang='lat' dir='ltr'>de</span> <span class='ocrx_word' id='word_1_12' title='bbox 801 412 939 470; x_wconf 90' lang='lat' dir='ltr'>omnibus</span> <span class='ocrx_word' id='word_1_13' title='bbox 954 412 990 468; x_wconf 87' lang='lat' dir='ltr'>ad</span> <span class='ocrx_word' id='word_1_14' title='bbox 1047 411 1158 469; x_wconf 86' lang='lat' dir='ltr'>raelitis</span> <span class='ocrx_word' id='word_1_15' title='bbox 1173 411 1203 468; x_wconf 90' lang='lat' dir='ltr'>ln</span> <span class='ocrx_word' id='word_1_16' title='bbox 1219 411 1369 468; x_wconf 79' lang='lat' dir='ltr'><strong>Christum</strong></span> <span class='ocrx_word' id='word_1_17' title='bbox 1380 410 1492 468; x_wconf 85' lang='lat' dir='ltr'>Deum¹</span> <span class='ocrx_word' id='word_1_18' title='bbox 1507 410 1705 481; x_wconf 84' lang='lat' dir='ltr'>crediderunt,</span> <span class='ocrx_word' id='word_1_19' title='bbox 1719 412 1873 470; x_wconf 76' lang='lat' dir='ltr'>accedente</span> 
     </span>
     <span class='ocr_line' id='line_1_3' title="bbox 166 499 1871 577; baseline -0.002 -17"><span class='ocrx_word' id='word_1_20' title='bbox 166 521 240 576; x_wconf 88' lang='lat' dir='ltr'>quos</span> <span class='ocrx_word' id='word_1_21' title='bbox 255 505 476 577; x_wconf 83' lang='lat' dir='ltr'>pertinentquae</span> <span class='ocrx_word' id='word_1_22' title='bbox 492 503 630 576; x_wconf 79' lang='lat' dir='ltr'>praedicta</span> <span class='ocrx_word' id='word_1_23' title='bbox 641 507 718 559; x_wconf 90' lang='lat' dir='ltr'>sunt.</span> <span class='ocrx_word' id='word_1_24' title='bbox 733 503 772 558; x_wconf 81' lang='lat' dir='ltr'>ld</span> <span class='ocrx_word' id='word_1_25' title='bbox 787 519 837 558; x_wconf 92' lang='lat' dir='ltr'>eos</span> <span class='ocrx_word' id='word_1_26' title='bbox 848 502 926 558; x_wconf 89' lang='lat' dir='ltr'>enim</span> <span class='ocrx_word' id='word_1_27' title='bbox 940 500 989 572; x_wconf 90' lang='lat' dir='ltr'>qui</span> <span class='ocrx_word' id='word_1_28' title='bbox 1047 499 1228 573; x_wconf 87' lang='lat' dir='ltr'>plenitudine</span> <span class='ocrx_word' id='word_1_29' title='bbox 1254 501 1402 568; x_wconf 80' lang='lat' dir='ltr'>Gentium,</span> <span class='ocrx_word' id='word_1_30' title='bbox 1419 500 1504 556; x_wconf 89' lang='lat' dir='ltr'>vinea</span> <span class='ocrx_word' id='word_1_31' title='bbox 1526 504 1629 556; x_wconf 87' lang='lat' dir='ltr'>sancta</span> <span class='ocrx_word' id='word_1_32' title='bbox 1652 501 1826 574; x_wconf 85' lang='lat' dir='ltr'>perficitur:</span> <span class='ocrx_word' id='word_1_33' title='bbox 1844 507 1871 557; x_wconf 93' lang='lat' dir='ltr'>et</span> 
     </span>
     <span class='ocr_line' id='line_1_4' title="bbox 166 587 1869 660; baseline -0.002 -10"><span class='ocrx_word' id='word_1_34' title='bbox 166 592 211 650; x_wconf 86' lang='lat' dir='ltr'>vel</span> <span class='ocrx_word' id='word_1_35' title='bbox 227 598 297 650; x_wconf 90' lang='lat' dir='ltr'>tunc</span> <span class='ocrx_word' id='word_1_36' title='bbox 308 610 342 650; x_wconf 83' lang='lat' dir='ltr'>ex</span> <span class='ocrx_word' id='word_1_37' title='bbox 354 592 412 648; x_wconf 87' lang='lat' dir='ltr'>illis</span> <span class='ocrx_word' id='word_1_38' title='bbox 427 592 614 649; x_wconf 88' lang='lat' dir='ltr'>crediderunt</span> <span class='ocrx_word' id='word_1_39' title='bbox 629 593 658 649; x_wconf 92' lang='lat' dir='ltr'>in</span> <span class='ocrx_word' id='word_1_40' title='bbox 675 591 835 659; x_wconf 84' lang='lat' dir='ltr'>Christum,</span> <span class='ocrx_word' id='word_1_41' title='bbox 851 590 897 648; x_wconf 87' lang='lat' dir='ltr'>vol</span> <span class='ocrx_word' id='word_1_42' title='bbox 913 605 991 646; x_wconf 91' lang='lat' dir='ltr'>nuno</span> <span class='ocrx_word' id='word_1_43' title='bbox 1046 587 1076 644; x_wconf 93' lang='lat' dir='ltr'>ln</span> <span class='ocrx_word' id='word_1_44' title='bbox 1090 589 1251 645; x_wconf 78' lang='lat' dir='ltr'>remotione</span> <span class='ocrx_word' id='word_1_45' title='bbox 1265 593 1405 659; x_wconf 85' lang='lat' dir='ltr'>veterum,</span> <span class='ocrx_word' id='word_1_46' title='bbox 1421 593 1510 660; x_wconf 89' lang='lat' dir='ltr'>atqua</span> <span class='ocrx_word' id='word_1_47' title='bbox 1532 587 1715 644; x_wconf 88' lang='lat' dir='ltr'>institutione</span> <span class='ocrx_word' id='word_1_48' title='bbox 1729 607 1869 647; x_wconf 83' lang='lat' dir='ltr'>novarum</span> 
     </span>
     <span class='ocr_line' id='line_1_5' title="bbox 169 676 1873 755; baseline -0.001 -17"><span class='ocrx_word' id='word_1_49' title='bbox 169 699 263 755; x_wconf 90' lang='lat' dir='ltr'>usque</span> <span class='ocrx_word' id='word_1_50' title='bbox 278 682 410 750; x_wconf 90' lang='lat' dir='ltr'>credunt,</span> <span class='ocrx_word' id='word_1_51' title='bbox 427 681 470 738; x_wconf 91' lang='lat' dir='ltr'>vel</span> <span class='ocrx_word' id='word_1_52' title='bbox 486 681 623 754; x_wconf 82' lang='lat' dir='ltr'>deinceps</span> <span class='ocrx_word' id='word_1_53' title='bbox 636 696 728 752; x_wconf 90' lang='lat' dir='ltr'>usque</span> <span class='ocrx_word' id='word_1_54' title='bbox 743 680 773 736; x_wconf 90' lang='lat' dir='ltr'>iu</span> <span class='ocrx_word' id='word_1_55' title='bbox 788 681 876 736; x_wconf 85' lang='lat' dir='ltr'>linem</span> <span class='ocrx_word' id='word_1_56' title='bbox 892 677 991 735; x_wconf 81' lang='lat' dir='ltr'>saculi</span> <span class='ocrx_word' id='word_1_57' title='bbox 1046 681 1297 733; x_wconf 87' lang='lat' dir='ltr'>sacramentorum</span> <span class='ocrx_word' id='word_1_58' title='bbox 1323 676 1428 732; x_wconf 79' lang='lat' dir='ltr'>titulus</span> <span class='ocrx_word' id='word_1_59' title='bbox 1443 678 1507 749; x_wconf 85' lang='lat' dir='ltr'>ejus</span> <span class='ocrx_word' id='word_1_60' title='bbox 1532 676 1649 748; x_wconf 81' lang='lat' dir='ltr'><strong>psalmi,</strong></span> <span class='ocrx_word' id='word_1_61' title='bbox 1665 679 1719 734; x_wconf 88' lang='lat' dir='ltr'>Pro</span> <span class='ocrx_word' id='word_1_62' title='bbox 1742 678 1785 735; x_wconf 77' lang='lat' dir='ltr'>bis</span> <span class='ocrx_word' id='word_1_63' title='bbox 1810 695 1873 752; x_wconf 76' lang='lat' dir='ltr'>quae</span> 
     </span>
     <span class='ocr_line' id='line_1_6' title="bbox 168 765 1464 843; baseline -0.005 -16"><span class='ocrx_word' id='word_1_64' title='bbox 168 768 305 827; x_wconf 78' lang='lat' dir='ltr'>credituri</span> <span class='ocrx_word' id='word_1_65' title='bbox 321 774 399 841; x_wconf 90' lang='lat' dir='ltr'>sunt,</span> <span class='ocrx_word' id='word_1_66' title='bbox 410 770 467 825; x_wconf 87' lang='lat' dir='ltr'>ista</span> <span class='ocrx_word' id='word_1_67' title='bbox 482 786 539 826; x_wconf 92' lang='lat' dir='ltr'>non</span> <span class='ocrx_word' id='word_1_68' title='bbox 555 769 713 843; x_wconf 87' lang='lat' dir='ltr'>pertinent,</span> <span class='ocrx_word' id='word_1_69' title='bbox 723 769 760 824; x_wconf 87' lang='lat' dir='ltr'>ad</span> <span class='ocrx_word' id='word_1_70' title='bbox 771 784 871 825; x_wconf 86' lang='lat' dir='ltr'>verum</span> <span class='ocrx_word' id='word_1_71' title='bbox 883 766 989 824; x_wconf 89' lang='lat' dir='ltr'>lsrasl¹</span> <span class='ocrx_word' id='word_1_72' title='bbox 1048 766 1300 837; x_wconf 85' lang='lat' dir='ltr'>commutabuntur,</span> <span class='ocrx_word' id='word_1_73' title='bbox 1314 765 1464 837; x_wconf 89' lang='lat' dir='ltr'>impletur.</span> 
     </span>
    </p>

    <p class='ocr_par' dir='ltr' id='par_1_3' title="bbox 166 851 1874 1197">
     <span class='ocr_line' id='line_1_7' title="bbox 168 851 1874 930; baseline -0.001 -16"><span class='ocrx_word' id='word_1_74' title='bbox 168 858 289 927; x_wconf 89' lang='lat' dir='ltr'>scilicet,</span> <span class='ocrx_word' id='word_1_75' title='bbox 300 859 350 929; x_wconf 92' lang='lat' dir='ltr'>qui</span> <span class='ocrx_word' id='word_1_76' title='bbox 364 856 636 914; x_wconf 86' lang='lat' dir='ltr'>videbitliominum</span> <span class='ocrx_word' id='word_1_77' title='bbox 649 855 721 913; x_wconf 87' lang='lat' dir='ltr'>iacis</span> <span class='ocrx_word' id='word_1_78' title='bbox 731 857 767 913; x_wconf 90' lang='lat' dir='ltr'>ad</span> <span class='ocrx_word' id='word_1_79' title='bbox 781 855 993 928; x_wconf 84' lang='lat' dir='ltr'>iaciemlleque</span> <span class='ocrx_word' id='word_1_80' title='bbox 1082 853 1109 908; x_wconf 87' lang='lat'>8.</span> <span class='ocrx_word' id='word_1_81' title='bbox 1126 851 1328 926; x_wconf 81' lang='lat' dir='ltr'>apertioribus</span> <span class='ocrx_word' id='word_1_82' title='bbox 1342 852 1441 925; x_wconf 85' lang='lat' dir='ltr'>itaque</span> <span class='ocrx_word' id='word_1_83' title='bbox 1456 854 1632 911; x_wconf 75' lang='lat' dir='ltr'>testimoniis</span> <span class='ocrx_word' id='word_1_84' title='bbox 1647 870 1714 910; x_wconf 93' lang='lat' dir='ltr'>cum</span> <span class='ocrx_word' id='word_1_85' title='bbox 1729 857 1771 912; x_wconf 92' lang='lat' dir='ltr'>eis</span> <span class='ocrx_word' id='word_1_86' title='bbox 1788 873 1874 930; x_wconf 86' lang='lat' dir='ltr'>agen·</span> 
     </span>
     <span class='ocr_line' id='line_1_8' title="bbox 166 941 1873 1018; baseline 0.001 -17"><span class='ocrx_word' id='word_1_87' title='bbox 166 948 341 1002; x_wconf 75' lang='lat' dir='ltr'>enimomnes</span> <span class='ocrx_word' id='word_1_88' title='bbox 351 948 399 1017; x_wconf 89' lang='lat' dir='ltr'>qui</span> <span class='ocrx_word' id='word_1_89' title='bbox 409 963 445 1002; x_wconf 81' lang='lat' dir='ltr'>ee</span> <span class='ocrx_word' id='word_1_90' title='bbox 455 945 654 1014; x_wconf 86' lang='lat' dir='ltr'>lsraelsunt,bi</span> <span class='ocrx_word' id='word_1_91' title='bbox 663 946 749 1002; x_wconf 82' lang='lat' dir='ltr'>lsrael</span> <span class='ocrx_word' id='word_1_92' title='bbox 759 953 932 1017; x_wconf 77' lang='lat' dir='ltr'>summeque</span> <span class='ocrx_word' id='word_1_93' title='bbox 944 946 992 1018; x_wconf 86' lang='lat' dir='ltr'>qui</span> <span class='ocrx_word' id='word_1_94' title='bbox 1046 941 1117 997; x_wconf 93' lang='lat' dir='ltr'>dum</span> <span class='ocrx_word' id='word_1_95' title='bbox 1134 947 1188 1008; x_wconf 88' lang='lat' dir='ltr'>est,</span> <span class='ocrx_word' id='word_1_96' title='bbox 1201 959 1264 1014; x_wconf 82' lang='lat' dir='ltr'>quse</span> <span class='ocrx_word' id='word_1_97' title='bbox 1280 943 1341 1000; x_wconf 86' lang='lat' dir='ltr'>sive</span> <span class='ocrx_word' id='word_1_98' title='bbox 1351 944 1547 1015; x_wconf 88' lang='lat' dir='ltr'>consentiant,</span> <span class='ocrx_word' id='word_1_99' title='bbox 1559 944 1618 1000; x_wconf 90' lang='lat' dir='ltr'>sive</span> <span class='ocrx_word' id='word_1_100' title='bbox 1633 943 1819 1015; x_wconf 88' lang='lat' dir='ltr'>dissentiant,</span> <span class='ocrx_word' id='word_1_101' title='bbox 1829 951 1873 1002; x_wconf 92' lang='lat' dir='ltr'>ta·</span> 
     </span>
     <span class='ocr_line' id='line_1_9' title="bbox 166 1031 1874 1107; baseline 0.001 -17"><span class='ocrx_word' id='word_1_102' title='bbox 166 1043 230 1090; x_wconf 87' lang='lat' dir='ltr'>sunt</span> <span class='ocrx_word' id='word_1_103' title='bbox 240 1050 331 1090; x_wconf 88' lang='lat' dir='ltr'>semen</span> <span class='ocrx_word' id='word_1_104' title='bbox 342 1035 488 1105; x_wconf 80' lang='lat' dir='ltr'>Abrabam,</span> <span class='ocrx_word' id='word_1_105' title='bbox 496 1051 589 1091; x_wconf 88' lang='lat' dir='ltr'>omnes</span> <span class='ocrx_word' id='word_1_106' title='bbox 597 1035 655 1107; x_wconf 76' lang='lat' dir='ltr'>filii</span> <span class='ocrx_word' id='word_1_107' title='bbox 660 1042 740 1100; x_wconf 83' lang='lat' dir='ltr'>sunt;</span> <span class='ocrx_word' id='word_1_108' title='bbox 747 1035 797 1091; x_wconf 84' lang='lat' dir='ltr'>sed</span> <span class='ocrx_word' id='word_1_109' title='bbox 806 1036 838 1091; x_wconf 89' lang='lat' dir='ltr'>in</span> <span class='ocrx_word' id='word_1_110' title='bbox 845 1036 931 1104; x_wconf 82' lang='lat' dir='ltr'>isaac,</span> <span class='ocrx_word' id='word_1_111' title='bbox 944 1034 991 1090; x_wconf 92' lang='lat' dir='ltr'>in·</span> <span class='ocrx_word' id='word_1_112' title='bbox 1047 1047 1115 1088; x_wconf 90' lang='lat' dir='ltr'>men</span> <span class='ocrx_word' id='word_1_113' title='bbox 1140 1031 1278 1102; x_wconf 85' lang='lat' dir='ltr'>sentiant,</span> <span class='ocrx_word' id='word_1_114' title='bbox 1292 1031 1360 1087; x_wconf 78' lang='lat' dir='ltr'>Eece</span> <span class='ocrx_word' id='word_1_115' title='bbox 1382 1032 1440 1088; x_wconf 81' lang='lat' dir='ltr'>dies</span> <span class='ocrx_word' id='word_1_116' title='bbox 1461 1033 1585 1100; x_wconf 82' lang='lat' dir='ltr'>ueniunt,</span> <span class='ocrx_word' id='word_1_117' title='bbox 1600 1032 1667 1087; x_wconf 86' lang='lat' dir='ltr'>dicit</span> <span class='ocrx_word' id='word_1_118' title='bbox 1689 1035 1831 1102; x_wconf 82' lang='lat' dir='ltr'>Dominus,</span> <span class='ocrx_word' id='word_1_119' title='bbox 1846 1040 1874 1091; x_wconf 88' lang='lat' dir='ltr'>et</span> 
     </span>
     <span class='ocr_line' id='line_1_10' title="bbox 166 1119 1873 1197; baseline 0.002 -19"><span class='ocrx_word' id='word_1_120' title='bbox 166 1122 239 1194; x_wconf 88' lang='lat' dir='ltr'>quit,</span> <span class='ocrx_word' id='word_1_121' title='bbox 255 1123 393 1179; x_wconf 86' lang='lat' dir='ltr'>uocabitur</span> <span class='ocrx_word' id='word_1_122' title='bbox 414 1123 466 1179; x_wconf 86' lang='lat' dir='ltr'>tibi</span> <span class='ocrx_word' id='word_1_123' title='bbox 479 1132 572 1180; x_wconf 84' lang='lat' dir='ltr'>semen</span> <span class='ocrx_word' id='word_1_124' title='bbox 589 1140 596 1179; x_wconf 90' lang='lat'>:</span> <span class='ocrx_word' id='word_1_125' title='bbox 613 1122 662 1180; x_wconf 87' lang='lat' dir='ltr'>boe</span> <span class='ocrx_word' id='word_1_126' title='bbox 676 1131 726 1191; x_wconf 83' lang='lat' dir='ltr'>est,</span> <span class='ocrx_word' id='word_1_127' title='bbox 750 1140 806 1180; x_wconf 89' lang='lat' dir='ltr'>nan</span> <span class='ocrx_word' id='word_1_128' title='bbox 832 1124 854 1179; x_wconf 89' lang='lat' dir='ltr'>ii</span> <span class='ocrx_word' id='word_1_129' title='bbox 876 1125 924 1195; x_wconf 90' lang='lat' dir='ltr'>qui</span> <span class='ocrx_word' id='word_1_130' title='bbox 937 1121 994 1194; x_wconf 73' lang='lat' dir='ltr'>niti</span> <span class='ocrx_word' id='word_1_131' title='bbox 1046 1119 1214 1190; x_wconf 80' lang='lat' dir='ltr'>confirmabo</span> <span class='ocrx_word' id='word_1_132' title='bbox 1228 1135 1310 1192; x_wconf 84' lang='lat' dir='ltr'>super</span> <span class='ocrx_word' id='word_1_133' title='bbox 1323 1119 1432 1176; x_wconf 86' lang='lat' dir='ltr'>demum</span> <span class='ocrx_word' id='word_1_134' title='bbox 1446 1122 1526 1178; x_wconf 82' lang='lat' dir='ltr'>laceb</span> <span class='ocrx_word' id='word_1_135' title='bbox 1543 1125 1736 1178; x_wconf 86' lang='lat' dir='ltr'>testamentum</span> <span class='ocrx_word' id='word_1_136' title='bbox 1759 1140 1873 1197; x_wconf 88' lang='lat' dir='ltr'>nouum,</span> 
     </span>
    </p>
   </div>
   <div class='ocr_carea' id='block_1_3' title="bbox 161 1211 998 4833">
    <p class='ocr_par' dir='ltr' id='par_1_4' title="bbox 166 1211 996 2437">
     <span class='ocr_line' id='line_1_11' title="bbox 166 1211 994 1285; baseline -0.001 -17"><span class='ocrx_word' id='word_1_137' title='bbox 166 1214 271 1280; x_wconf 86' lang='lat' dir='ltr'>carnis,</span> <span class='ocrx_word' id='word_1_138' title='bbox 284 1211 317 1268; x_wconf 87' lang='lat' dir='ltr'>bi</span> <span class='ocrx_word' id='word_1_139' title='bbox 329 1212 386 1283; x_wconf 78' lang='lat' dir='ltr'>filii</span> <span class='ocrx_word' id='word_1_140' title='bbox 400 1213 459 1281; x_wconf 83' lang='lat' dir='ltr'>bei,</span> <span class='ocrx_word' id='word_1_141' title='bbox 474 1211 521 1268; x_wconf 90' lang='lat' dir='ltr'>sed</span> <span class='ocrx_word' id='word_1_142' title='bbox 533 1211 589 1282; x_wconf 78' lang='lat' dir='ltr'>filii</span> <span class='ocrx_word' id='word_1_143' title='bbox 608 1213 799 1283; x_wconf 73' lang='lat' dir='ltr'>promissionis</span> <span class='ocrx_word' id='word_1_144' title='bbox 823 1213 994 1285; x_wconf 82' lang='lat' dir='ltr'>deputantur</span> 
     </span>
     <span class='ocr_line' id='line_1_12' title="bbox 168 1300 993 1374; baseline -0.001 -18"><span class='ocrx_word' id='word_1_145' title='bbox 168 1301 199 1356; x_wconf 89' lang='lat' dir='ltr'>in</span> <span class='ocrx_word' id='word_1_146' title='bbox 212 1316 306 1356; x_wconf 86' lang='lat' dir='ltr'>semen</span> <span class='ocrx_word' id='word_1_147' title='bbox 319 1300 408 1374; x_wconf 84' lang='lat' dir='ltr'>(Rom.</span> <span class='ocrx_word' id='word_1_148' title='bbox 423 1317 462 1373; x_wconf 80' lang='lat' dir='ltr'>rx,</span> <span class='ocrx_word' id='word_1_149' title='bbox 476 1300 547 1372; x_wconf 81' lang='grc'><strong>6-8).</strong></span> <span class='ocrx_word' id='word_1_150' title='bbox 565 1300 621 1357; x_wconf 88' lang='lat' dir='ltr'>Sed</span> <span class='ocrx_word' id='word_1_151' title='bbox 645 1300 676 1357; x_wconf 90' lang='lat' dir='ltr'>hi</span> <span class='ocrx_word' id='word_1_152' title='bbox 691 1300 839 1373; x_wconf 89' lang='lat' dir='ltr'>pertinent</span> <span class='ocrx_word' id='word_1_153' title='bbox 853 1302 889 1357; x_wconf 86' lang='lat' dir='ltr'>ad</span> <span class='ocrx_word' id='word_1_154' title='bbox 904 1301 993 1374; x_wconf 89' lang='lat' dir='ltr'>spiri·</span> 
     </span>
     <span class='ocr_line' id='line_1_13' title="bbox 170 1382 992 1458; baseline 0.001 -13"><span class='ocrx_word' id='word_1_155' title='bbox 170 1388 281 1445; x_wconf 89' lang='lat' dir='ltr'>tualem</span> <span class='ocrx_word' id='word_1_156' title='bbox 295 1387 363 1445; x_wconf 88' lang='lat' dir='ltr'>Sion</span> <span class='ocrx_word' id='word_1_157' title='bbox 388 1393 417 1444; x_wconf 87' lang='lat' dir='ltr'>et</span> <span class='ocrx_word' id='word_1_158' title='bbox 432 1382 586 1445; x_wconf 82' lang='lat' dir='ltr'>civitatea¹</span> <span class='ocrx_word' id='word_1_159' title='bbox 598 1388 614 1445; x_wconf 84' lang='lat' dir='ltr'>J</span> <span class='ocrx_word' id='word_1_160' title='bbox 619 1389 694 1457; x_wconf 79' lang='lat' dir='ltr'>uda,</span> <span class='ocrx_word' id='word_1_161' title='bbox 710 1389 808 1458; x_wconf 89' lang='lat' dir='ltr'>idest,</span> <span class='ocrx_word' id='word_1_162' title='bbox 826 1388 968 1447; x_wconf 73' lang='lat' dir='ltr'>doclesiss</span> <span class='ocrx_word' id='word_1_163' title='bbox 985 1405 992 1446; x_wconf 75' lang='grc' dir='ltr'><strong>ι</strong></span> 
     </span>
     <span class='ocr_line' id='line_1_14' title="bbox 168 1477 981 1551; baseline 0 -17"><span class='ocrx_word' id='word_1_164' title='bbox 168 1479 205 1534; x_wconf 88' lang='lat' dir='ltr'>de</span> <span class='ocrx_word' id='word_1_165' title='bbox 220 1477 327 1550; x_wconf 86' lang='lat' dir='ltr'>quibus</span> <span class='ocrx_word' id='word_1_166' title='bbox 340 1477 499 1551; x_wconf 79' lang='lat' dir='ltr'>Apostolus</span> <span class='ocrx_word' id='word_1_167' title='bbox 513 1477 789 1545; x_wconf 79' lang='lat' dir='ltr'>dicit‚dramaulem</span> <span class='ocrx_word' id='word_1_168' title='bbox 803 1480 911 1550; x_wconf 84' lang='lat' dir='ltr'>iqnotus</span> <span class='ocrx_word' id='word_1_169' title='bbox 924 1480 941 1550; x_wconf 71' lang='lat' dir='ltr'><strong><em>s</em></strong></span> <span class='ocrx_word' id='word_1_170' title='bbox 976 1480 981 1491; x_wconf 76' lang='lat'><strong>¹</strong></span> 
     </span>
     <span class='ocr_line' id='line_1_15' title="bbox 169 1564 993 1639; baseline 0.001 -16"><span class='ocrx_word' id='word_1_171' title='bbox 169 1564 303 1623; x_wconf 62' lang='lat' dir='ltr'>&amp;eclesiis</span> <span class='ocrx_word' id='word_1_172' title='bbox 318 1565 434 1632; x_wconf 80' lang='lat' dir='ltr'>lndaeae,</span> <span class='ocrx_word' id='word_1_173' title='bbox 448 1581 512 1639; x_wconf 76' lang='lat' dir='ltr'>quae</span> <span class='ocrx_word' id='word_1_174' title='bbox 528 1569 593 1622; x_wconf 84' lang='lat' dir='ltr'>sunt</span> <span class='ocrx_word' id='word_1_175' title='bbox 607 1567 637 1621; x_wconf 91' lang='lat' dir='ltr'>in</span> <span class='ocrx_word' id='word_1_176' title='bbox 651 1565 760 1623; x_wconf 74' lang='lat' dir='ltr'>cbristo</span> <span class='ocrx_word' id='word_1_177' title='bbox 776 1567 875 1638; x_wconf 85' lang='lat' dir='ltr'>(Galat.</span> <span class='ocrx_word' id='word_1_178' title='bbox 893 1585 913 1634; x_wconf 89' lang='lat'>1,</span> <span class='ocrx_word' id='word_1_179' title='bbox 935 1567 993 1639; x_wconf 87' lang='grc'><strong>22).</strong></span> 
     </span>
     <span class='ocr_line' id='line_1_16' title="bbox 171 1654 994 1730; baseline 0 -19"><span class='ocrx_word' id='word_1_180' title='bbox 171 1656 324 1723; x_wconf 80' lang='lat' dir='ltr'>Quoniam,</span> <span class='ocrx_word' id='word_1_181' title='bbox 341 1654 416 1715; x_wconf 90' lang='lat' dir='ltr'>sicut</span> <span class='ocrx_word' id='word_1_182' title='bbox 432 1654 461 1711; x_wconf 91' lang='lat' dir='ltr'>iu</span> <span class='ocrx_word' id='word_1_183' title='bbox 477 1655 579 1711; x_wconf 88' lang='lat' dir='ltr'>eodem</span> <span class='ocrx_word' id='word_1_184' title='bbox 595 1654 708 1727; x_wconf 80' lang='lat' dir='ltr'>psalmo</span> <span class='ocrx_word' id='word_1_185' title='bbox 729 1655 815 1729; x_wconf 89' lang='lat' dir='ltr'>paulo</span> <span class='ocrx_word' id='word_1_186' title='bbox 830 1660 897 1729; x_wconf 89' lang='lat' dir='ltr'>post</span> <span class='ocrx_word' id='word_1_187' title='bbox 911 1656 994 1730; x_wconf 92' lang='lat' dir='ltr'>poni·</span> 
     </span>
     <span class='ocr_line' id='line_1_17' title="bbox 170 1743 994 1817; baseline 0.002 -17"><span class='ocrx_word' id='word_1_188' title='bbox 170 1748 229 1811; x_wconf 89' lang='lat' dir='ltr'>tur,</span> <span class='ocrx_word' id='word_1_189' title='bbox 243 1745 313 1800; x_wconf 82' lang='lat' dir='ltr'>Deus</span> <span class='ocrx_word' id='word_1_190' title='bbox 326 1745 432 1799; x_wconf 88' lang='lat' dir='ltr'>saluam</span> <span class='ocrx_word' id='word_1_191' title='bbox 445 1745 529 1813; x_wconf 81' lang='lat' dir='ltr'>saciet</span> <span class='ocrx_word' id='word_1_192' title='bbox 542 1743 618 1812; x_wconf 86' lang='lat' dir='ltr'>Sion,</span> <span class='ocrx_word' id='word_1_193' title='bbox 631 1747 658 1800; x_wconf 88' lang='lat' dir='ltr'>et</span> <span class='ocrx_word' id='word_1_194' title='bbox 667 1743 885 1817; x_wconf 74' lang='lat' dir='ltr'>aedifieabuntur</span> <span class='ocrx_word' id='word_1_195' title='bbox 894 1747 994 1802; x_wconf 88' lang='lat' dir='ltr'>ciuita-</span> 
     </span>
     <span class='ocr_line' id='line_1_18' title="bbox 171 1832 995 1908; baseline 0.004 -20"><span class='ocrx_word' id='word_1_196' title='bbox 171 1836 211 1889; x_wconf 87' lang='lat' dir='ltr'>tes</span> <span class='ocrx_word' id='word_1_197' title='bbox 225 1833 315 1890; x_wconf 77' lang='lat' dir='ltr'>ludae.</span> <span class='ocrx_word' id='word_1_198' title='bbox 332 1833 364 1888; x_wconf 82' lang='lat' dir='ltr'>m</span> <span class='ocrx_word' id='word_1_199' title='bbox 378 1832 572 1889; x_wconf 73' lang='lat' dir='ltr'>inhabitabunt</span> <span class='ocrx_word' id='word_1_200' title='bbox 586 1849 659 1901; x_wconf 85' lang='lat' dir='ltr'>eam,</span> <span class='ocrx_word' id='word_1_201' title='bbox 673 1836 700 1889; x_wconf 88' lang='lat' dir='ltr'>et</span> <span class='ocrx_word' id='word_1_202' title='bbox 720 1832 886 1892; x_wconf 70' lang='lat' dir='ltr'>haereditate</span> <span class='ocrx_word' id='word_1_203' title='bbox 899 1837 995 1908; x_wconf 88' lang='lat' dir='ltr'>acqui-</span> 
     </span>
     <span class='ocr_line' id='line_1_19' title="bbox 171 1921 993 1994; baseline 0.002 -16"><span class='ocrx_word' id='word_1_204' title='bbox 171 1926 231 1978; x_wconf 86' lang='lat' dir='ltr'>rent</span> <span class='ocrx_word' id='word_1_205' title='bbox 248 1937 318 1976; x_wconf 88' lang='lat' dir='ltr'>eum.</span> <span class='ocrx_word' id='word_1_206' title='bbox 333 1921 367 1976; x_wconf 82' lang='lat' dir='ltr'>Et</span> <span class='ocrx_word' id='word_1_207' title='bbox 384 1936 475 1977; x_wconf 84' lang='lat' dir='ltr'>semen</span> <span class='ocrx_word' id='word_1_208' title='bbox 497 1937 637 1978; x_wconf 86' lang='lat' dir='ltr'>seruorum</span> <span class='ocrx_word' id='word_1_209' title='bbox 651 1922 712 1994; x_wconf 74' lang='lat' dir='ltr'>ejus</span> <span class='ocrx_word' id='word_1_210' title='bbox 733 1922 910 1993; x_wconf 86' lang='lat' dir='ltr'>possidebunt</span> <span class='ocrx_word' id='word_1_211' title='bbox 920 1940 993 1994; x_wconf 91' lang='lat' dir='ltr'>eam,</span> 
     </span>
     <span class='ocr_line' id='line_1_20' title="bbox 168 2010 995 2083; baseline 0.002 -16"><span class='ocrx_word' id='word_1_212' title='bbox 168 2018 194 2068; x_wconf 91' lang='lat' dir='ltr'>et</span> <span class='ocrx_word' id='word_1_213' title='bbox 210 2011 258 2083; x_wconf 92' lang='lat' dir='ltr'>qui</span> <span class='ocrx_word' id='word_1_214' title='bbox 271 2010 392 2079; x_wconf 84' lang='lat' dir='ltr'>dilipunt</span> <span class='ocrx_word' id='word_1_215' title='bbox 404 2025 505 2066; x_wconf 87' lang='lat' dir='ltr'>nomen</span> <span class='ocrx_word' id='word_1_216' title='bbox 525 2012 595 2082; x_wconf 83' lang='lat' dir='ltr'>ejus,</span> <span class='ocrx_word' id='word_1_217' title='bbox 612 2010 808 2068; x_wconf 77' lang='lat' dir='ltr'>inhabitabunt</span> <span class='ocrx_word' id='word_1_218' title='bbox 832 2014 863 2067; x_wconf 89' lang='lat' dir='ltr'>in</span> <span class='ocrx_word' id='word_1_219' title='bbox 878 2027 922 2069; x_wconf 87' lang='lat' dir='ltr'>ea.</span> <span class='ocrx_word' id='word_1_220' title='bbox 938 2012 995 2069; x_wconf 89' lang='lat' dir='ltr'>Sed</span> 
     </span>
     <span class='ocr_line' id='line_1_21' title="bbox 170 2098 996 2174; baseline 0.002 -18"><span class='ocrx_word' id='word_1_221' title='bbox 170 2116 237 2156; x_wconf 90' lang='lat' dir='ltr'>cum</span> <span class='ocrx_word' id='word_1_222' title='bbox 259 2098 321 2156; x_wconf 82' lang='lat' dir='ltr'>hac</span> <span class='ocrx_word' id='word_1_223' title='bbox 345 2099 468 2155; x_wconf 78' lang='lat' dir='ltr'>audiunt</span> <span class='ocrx_word' id='word_1_224' title='bbox 494 2098 600 2170; x_wconf 82' lang='lat' dir='ltr'>ludmi,</span> <span class='ocrx_word' id='word_1_225' title='bbox 618 2098 772 2156; x_wconf 81' lang='lat' dir='ltr'>carnaliter</span> <span class='ocrx_word' id='word_1_226' title='bbox 795 2100 952 2174; x_wconf 77' lang='lat' dir='ltr'>accipiunt,</span> <span class='ocrx_word' id='word_1_227' title='bbox 967 2105 996 2158; x_wconf 91' lang='lat' dir='ltr'>et</span> 
     </span>
     <span class='ocr_line' id='line_1_22' title="bbox 169 2187 996 2262; baseline 0.002 -16"><span class='ocrx_word' id='word_1_228' title='bbox 169 2193 313 2246; x_wconf 80' lang='lat' dir='ltr'>terrenam</span> <span class='ocrx_word' id='word_1_229' title='bbox 328 2187 487 2245; x_wconf 83' lang='lat' dir='ltr'>Jerusalem</span> <span class='ocrx_word' id='word_1_230' title='bbox 505 2187 647 2262; x_wconf 78' lang='lat' dir='ltr'>cogitant,</span> <span class='ocrx_word' id='word_1_231' title='bbox 659 2204 723 2261; x_wconf 76' lang='lat' dir='ltr'>quse</span> <span class='ocrx_word' id='word_1_232' title='bbox 738 2189 828 2245; x_wconf 88' lang='lat' dir='ltr'>servit</span> <span class='ocrx_word' id='word_1_233' title='bbox 843 2206 909 2246; x_wconf 92' lang='lat' dir='ltr'>cum</span> <span class='ocrx_word' id='word_1_234' title='bbox 926 2189 996 2248; x_wconf 85' lang='lat' dir='ltr'>tiliis</span> 
     </span>
     <span class='ocr_line' id='line_1_23' title="bbox 172 2275 995 2352; baseline 0.004 -19"><span class='ocrx_word' id='word_1_235' title='bbox 172 2275 235 2334; x_wconf 91' lang='lat' dir='ltr'>suls</span> <span class='ocrx_word' id='word_1_236' title='bbox 251 2295 258 2333; x_wconf 94' lang='lat'><strong>:</strong></span> <span class='ocrx_word' id='word_1_237' title='bbox 274 2294 333 2333; x_wconf 89' lang='lat' dir='ltr'>non</span> <span class='ocrx_word' id='word_1_238' title='bbox 350 2282 473 2333; x_wconf 87' lang='lat' dir='ltr'>matrem</span> <span class='ocrx_word' id='word_1_239' title='bbox 497 2281 629 2333; x_wconf 87' lang='lat' dir='ltr'>nostram</span> <span class='ocrx_word' id='word_1_240' title='bbox 644 2281 783 2333; x_wconf 81' lang='lat' dir='ltr'>aternam</span> <span class='ocrx_word' id='word_1_241' title='bbox 799 2276 828 2334; x_wconf 91' lang='lat' dir='ltr'>in</span> <span class='ocrx_word' id='word_1_242' title='bbox 844 2278 925 2336; x_wconf 85' lang='lat' dir='ltr'>coelis</span> <span class='ocrx_word' id='word_1_243' title='bbox 944 2279 995 2352; x_wconf 82' lang='lat' dir='ltr'>(la.</span> 
     </span>
     <span class='ocr_line' id='line_1_24' title="bbox 174 2366 346 2437; baseline 0 -15"><span class='ocrx_word' id='word_1_244' title='bbox 174 2382 212 2435; x_wconf 84' lang='lat' dir='ltr'>ru,</span> <span class='ocrx_word' id='word_1_245' title='bbox 229 2366 274 2437; x_wconf 88' lang='lat'>25,</span> <span class='ocrx_word' id='word_1_246' title='bbox 289 2366 346 2437; x_wconf 82' lang='grc'><strong>26).</strong></span> 
     </span>
    </p>

    <p class='ocr_par' dir='ltr' id='par_1_5' title="bbox 161 2452 998 4833">
     <span class='ocr_line' id='line_1_25' title="bbox 209 2452 996 2528; baseline 0.003 -18"><span class='ocrx_word' id='word_1_247' title='bbox 209 2452 326 2511; x_wconf 81' lang='lat' dir='ltr'>CAPUT</span> <span class='ocrx_word' id='word_1_248' title='bbox 340 2452 375 2507; x_wconf 92' lang='lat' dir='ltr'>Vl</span> <span class='ocrx_word' id='word_1_249' title='bbox 390 2483 425 2494; x_wconf 95' lang='lat'>-</span> <span class='ocrx_word' id='word_1_250' title='bbox 438 2452 467 2509; x_wconf 89' lang='grc'>7.</span> <span class='ocrx_word' id='word_1_251' title='bbox 483 2453 587 2510; x_wconf 76' lang='lat' dir='ltr'>Titulus</span> <span class='ocrx_word' id='word_1_252' title='bbox 601 2468 708 2527; x_wconf 82' lang='lat' dir='ltr'>quoque</span> <span class='ocrx_word' id='word_1_253' title='bbox 721 2454 830 2511; x_wconf 80' lang='lat' dir='ltr'>Psalmi</span> <span class='ocrx_word' id='word_1_254' title='bbox 851 2458 996 2528; x_wconf 83' lang='lat' dir='ltr'>septuaqe-</span> 
     </span>
     <span class='ocr_line' id='line_1_26' title="bbox 174 2542 996 2619; baseline 0.001 -19"><span class='ocrx_word' id='word_1_255' title='bbox 174 2543 243 2600; x_wconf 82' lang='lat' dir='ltr'>simi</span> <span class='ocrx_word' id='word_1_256' title='bbox 267 2543 336 2598; x_wconf 89' lang='lat' dir='ltr'>nani</span> <span class='ocrx_word' id='word_1_257' title='bbox 355 2543 529 2615; x_wconf 67' lang='lat' dir='ltr'>prenuntiat</span> <span class='ocrx_word' id='word_1_258' title='bbox 553 2543 745 2599; x_wconf 80' lang='lat' dir='ltr'>mutationem.</span> <span class='ocrx_word' id='word_1_259' title='bbox 769 2542 931 2600; x_wconf 65' lang='lat' dir='ltr'>lutationis</span> <span class='ocrx_word' id='word_1_260' title='bbox 949 2543 996 2619; x_wconf 73' lang='lat' dir='ltr'>se·</span> 
     </span>
     <span class='ocr_line' id='line_1_27' title="bbox 174 2631 995 2705; baseline 0.004 -17"><span class='ocrx_word' id='word_1_261' title='bbox 174 2631 279 2690; x_wconf 73' lang='lat' dir='ltr'>mendae</span> <span class='ocrx_word' id='word_1_262' title='bbox 305 2632 463 2689; x_wconf 82' lang='lat' dir='ltr'>testimonla</span> <span class='ocrx_word' id='word_1_263' title='bbox 489 2634 586 2689; x_wconf 88' lang='lat' dir='ltr'>contra</span> <span class='ocrx_word' id='word_1_264' title='bbox 608 2632 718 2689; x_wconf 73' lang='lat' dir='ltr'>ludens</span> <span class='ocrx_word' id='word_1_265' title='bbox 745 2634 894 2705; x_wconf 77' lang='lat' dir='ltr'>aperilem.</span> <span class='ocrx_word' id='word_1_266' title='bbox 924 2635 995 2691; x_wconf 87' lang='lat' dir='ltr'>llam</span> 
     </span>
     <span class='ocr_line' id='line_1_28' title="bbox 173 2718 994 2795; baseline 0.004 -19"><span class='ocrx_word' id='word_1_267' title='bbox 173 2719 306 2792; x_wconf 89' lang='lat' dir='ltr'>psalmus</span> <span class='ocrx_word' id='word_1_268' title='bbox 320 2718 556 2793; x_wconf 82' lang='lat' dir='ltr'>septuagesimus</span> <span class='ocrx_word' id='word_1_269' title='bbox 570 2736 665 2775; x_wconf 93' lang='lat' dir='ltr'>nonus</span> <span class='ocrx_word' id='word_1_270' title='bbox 677 2719 767 2776; x_wconf 84' lang='lat' dir='ltr'>simili</span> <span class='ocrx_word' id='word_1_271' title='bbox 783 2720 867 2778; x_wconf 90' lang='lat' dir='ltr'>titulo</span> <span class='ocrx_word' id='word_1_272' title='bbox 881 2739 994 2795; x_wconf 82' lang='lat' dir='ltr'>praeuo·</span> 
     </span>
     <span class='ocr_line' id='line_1_29' title="bbox 171 2808 995 2883; baseline 0.004 -18"><span class='ocrx_word' id='word_1_273' title='bbox 171 2811 268 2865; x_wconf 88' lang='lat' dir='ltr'>latur:</span> <span class='ocrx_word' id='word_1_274' title='bbox 283 2809 338 2865; x_wconf 83' lang='lat' dir='ltr'>Pro</span> <span class='ocrx_word' id='word_1_275' title='bbox 351 2809 386 2865; x_wconf 83' lang='lat' dir='ltr'>iis</span> <span class='ocrx_word' id='word_1_276' title='bbox 403 2824 463 2881; x_wconf 81' lang='lat' dir='ltr'>quse</span> <span class='ocrx_word' id='word_1_277' title='bbox 485 2808 718 2866; x_wconf 87' lang='lat' dir='ltr'>immutabuntur.</span> <span class='ocrx_word' id='word_1_278' title='bbox 740 2810 771 2864; x_wconf 93' lang='lat' dir='ltr'>ln</span> <span class='ocrx_word' id='word_1_279' title='bbox 798 2827 855 2882; x_wconf 92' lang='lat' dir='ltr'>quo</span> <span class='ocrx_word' id='word_1_280' title='bbox 881 2810 995 2883; x_wconf 90' lang='lat' dir='ltr'>psalmo</span> 
     </span>
     <span class='ocr_line' id='line_1_30' title="bbox 170 2897 993 2971; baseline 0.006 -18"><span class='ocrx_word' id='word_1_281' title='bbox 170 2897 247 2953; x_wconf 91' lang='lat' dir='ltr'>iuter</span> <span class='ocrx_word' id='word_1_282' title='bbox 264 2902 368 2953; x_wconf 81' lang='lat' dir='ltr'>catera</span> <span class='ocrx_word' id='word_1_283' title='bbox 382 2897 525 2971; x_wconf 88' lang='lat' dir='ltr'>scriptum</span> <span class='ocrx_word' id='word_1_284' title='bbox 540 2901 596 2965; x_wconf 81' lang='lat' dir='ltr'>est,</span> <span class='ocrx_word' id='word_1_285' title='bbox 611 2897 720 2969; x_wconf 83' lang='lat' dir='ltr'>Respice</span> <span class='ocrx_word' id='word_1_286' title='bbox 744 2897 777 2953; x_wconf 88' lang='lat' dir='ltr'>de</span> <span class='ocrx_word' id='word_1_287' title='bbox 790 2898 867 2968; x_wconf 78' lang='lat' dir='ltr'>aule,</span> <span class='ocrx_word' id='word_1_288' title='bbox 882 2903 909 2957; x_wconf 88' lang='lat' dir='ltr'>ei</span> <span class='ocrx_word' id='word_1_289' title='bbox 923 2900 993 2970; x_wconf 85' lang='lat' dir='ltr'>uide,</span> 
     </span>
     <span class='ocr_line' id='line_1_31' title="bbox 169 2985 993 3059; baseline 0.004 -17"><span class='ocrx_word' id='word_1_290' title='bbox 169 2994 195 3042; x_wconf 81' lang='lat' dir='ltr'>et</span> <span class='ocrx_word' id='word_1_291' title='bbox 208 2987 291 3042; x_wconf 84' lang='lat' dir='ltr'>visita</span> <span class='ocrx_word' id='word_1_292' title='bbox 305 2987 415 3043; x_wconf 82' lang='lat' dir='ltr'>cineam</span> <span class='ocrx_word' id='word_1_293' title='bbox 430 2988 512 3043; x_wconf 84' lang='lat' dir='ltr'>istam</span> <span class='ocrx_word' id='word_1_294' title='bbox 525 3003 536 3041; x_wconf 92' lang='grc'>.·</span> <span class='ocrx_word' id='word_1_295' title='bbox 551 2994 578 3042; x_wconf 86' lang='lat' dir='ltr'>et</span> <span class='ocrx_word' id='word_1_296' title='bbox 590 2985 691 3057; x_wconf 78' lang='lat' dir='ltr'>perfice</span> <span class='ocrx_word' id='word_1_297' title='bbox 705 3002 768 3042; x_wconf 86' lang='lat' dir='ltr'>eam</span> <span class='ocrx_word' id='word_1_298' title='bbox 787 3002 870 3059; x_wconf 92' lang='lat' dir='ltr'>quam</span> <span class='ocrx_word' id='word_1_299' title='bbox 882 2989 993 3059; x_wconf 87' lang='lat' dir='ltr'>planta·</span> 
     </span>
     <span class='ocr_line' id='line_1_32' title="bbox 168 3074 994 3148; baseline 0.005 -18"><span class='ocrx_word' id='word_1_300' title='bbox 168 3075 208 3130; x_wconf 86' lang='lat' dir='ltr'>uit</span> <span class='ocrx_word' id='word_1_301' title='bbox 222 3074 334 3132; x_wconf 77' lang='lat' dir='ltr'>dextera</span> <span class='ocrx_word' id='word_1_302' title='bbox 347 3078 416 3144; x_wconf 84' lang='lat' dir='ltr'>ina,·</span> <span class='ocrx_word' id='word_1_303' title='bbox 431 3077 456 3130; x_wconf 88' lang='lat' dir='ltr'>et</span> <span class='ocrx_word' id='word_1_304' title='bbox 471 3089 554 3147; x_wconf 86' lang='lat' dir='ltr'>super</span> <span class='ocrx_word' id='word_1_305' title='bbox 568 3075 675 3132; x_wconf 75' lang='lat' dir='ltr'>Filium</span> <span class='ocrx_word' id='word_1_306' title='bbox 689 3074 820 3147; x_wconf 77' lang='lat' dir='ltr'>bominis,</span> <span class='ocrx_word' id='word_1_307' title='bbox 836 3093 917 3148; x_wconf 86' lang='lat' dir='ltr'>quem</span> <span class='ocrx_word' id='word_1_308' title='bbox 931 3094 994 3134; x_wconf 89' lang='lat' dir='ltr'>con·</span> 
     </span>
     <span class='ocr_line' id='line_1_33' title="bbox 167 3160 992 3238; baseline 0.011 -21"><span class='ocrx_word' id='word_1_309' title='bbox 167 3163 288 3233; x_wconf 70' lang='lat' dir='ltr'>firmasti</span> <span class='ocrx_word' id='word_1_310' title='bbox 302 3163 363 3219; x_wconf 88' lang='lat' dir='ltr'>tibi.</span> <span class='ocrx_word' id='word_1_311' title='bbox 389 3165 456 3236; x_wconf 86' lang='lat' dir='ltr'>Ipsa</span> <span class='ocrx_word' id='word_1_312' title='bbox 469 3168 515 3219; x_wconf 89' lang='lat' dir='ltr'>est</span> <span class='ocrx_word' id='word_1_313' title='bbox 529 3163 608 3220; x_wconf 90' lang='lat' dir='ltr'>enim</span> <span class='ocrx_word' id='word_1_314' title='bbox 630 3160 715 3220; x_wconf 83' lang='lat' dir='ltr'>vinea</span> <span class='ocrx_word' id='word_1_315' title='bbox 729 3164 765 3221; x_wconf 89' lang='lat' dir='ltr'>de</span> <span class='ocrx_word' id='word_1_316' title='bbox 788 3181 847 3238; x_wconf 87' lang='lat' dir='ltr'>qua</span> <span class='ocrx_word' id='word_1_317' title='bbox 861 3165 969 3222; x_wconf 88' lang='lat' dir='ltr'>dicitur</span> <span class='ocrx_word' id='word_1_318' title='bbox 985 3185 992 3226; x_wconf 75' lang='grc' dir='ltr'><strong>ε</strong></span> 
     </span>
     <span class='ocr_line' id='line_1_34' title="bbox 169 3251 994 3324; baseline 0.004 -15"><span class='ocrx_word' id='word_1_319' title='bbox 169 3251 281 3309; x_wconf 78' lang='lat' dir='ltr'>Vineam</span> <span class='ocrx_word' id='word_1_320' title='bbox 294 3269 329 3308; x_wconf 80' lang='lat' dir='ltr'>ea</span> <span class='ocrx_word' id='word_1_321' title='bbox 343 3253 463 3324; x_wconf 77' lang='lat' dir='ltr'>AEpqpto</span> <span class='ocrx_word' id='word_1_322' title='bbox 482 3252 661 3308; x_wconf 82' lang='lat' dir='ltr'>transtulisti.</span> <span class='ocrx_word' id='word_1_323' title='bbox 686 3252 750 3309; x_wconf 88' lang='lat' dir='ltr'>Non</span> <span class='ocrx_word' id='word_1_324' title='bbox 766 3254 844 3309; x_wconf 87' lang='lat' dir='ltr'>enim</span> <span class='ocrx_word' id='word_1_325' title='bbox 860 3254 994 3312; x_wconf 85' lang='lat' dir='ltr'>Christus</span> 
     </span>
     <span class='ocr_line' id='line_1_35' title="bbox 166 3339 993 3413; baseline 0.007 -17"><span class='ocrx_word' id='word_1_326' title='bbox 166 3339 253 3396; x_wconf 89' lang='lat' dir='ltr'>aliam</span> <span class='ocrx_word' id='word_1_327' title='bbox 269 3340 428 3413; x_wconf 87' lang='lat' dir='ltr'>plantavit;</span> <span class='ocrx_word' id='word_1_328' title='bbox 458 3340 509 3397; x_wconf 85' lang='lat' dir='ltr'>sed</span> <span class='ocrx_word' id='word_1_329' title='bbox 534 3340 641 3413; x_wconf 87' lang='lat' dir='ltr'>ipsam,</span> <span class='ocrx_word' id='word_1_330' title='bbox 665 3339 816 3410; x_wconf 83' lang='lat' dir='ltr'>veniendo,</span> <span class='ocrx_word' id='word_1_331' title='bbox 832 3341 862 3397; x_wconf 92' lang='lat' dir='ltr'>in</span> <span class='ocrx_word' id='word_1_332' title='bbox 887 3342 993 3402; x_wconf 91' lang='lat' dir='ltr'>melius</span> 
     </span>
     <span class='ocr_line' id='line_1_36' title="bbox 167 3428 993 3503; baseline 0.012 -22"><span class='ocrx_word' id='word_1_333' title='bbox 167 3428 368 3485; x_wconf 85' lang='lat' dir='ltr'>commutavit.</span> <span class='ocrx_word' id='word_1_334' title='bbox 393 3428 440 3484; x_wconf 85' lang='lat' dir='ltr'>Sic</span> <span class='ocrx_word' id='word_1_335' title='bbox 466 3434 495 3485; x_wconf 88' lang='lat' dir='ltr'>et</span> <span class='ocrx_word' id='word_1_336' title='bbox 520 3429 550 3486; x_wconf 91' lang='lat' dir='ltr'>in</span> <span class='ocrx_word' id='word_1_337' title='bbox 574 3429 729 3503; x_wconf 79' lang='lat' dir='ltr'>Evangelio</span> <span class='ocrx_word' id='word_1_338' title='bbox 754 3429 861 3502; x_wconf 79' lang='lat' dir='ltr'>legitur</span> <span class='ocrx_word' id='word_1_339' title='bbox 881 3447 888 3487; x_wconf 91' lang='lat'>:</span> <span class='ocrx_word' id='word_1_340' title='bbox 909 3431 993 3491; x_wconf 76' lang='lat' dir='ltr'>llalos</span> 
     </span>
     <span class='ocr_line' id='line_1_37' title="bbox 166 3516 993 3590; baseline 0.01 -19"><span class='ocrx_word' id='word_1_341' title='bbox 166 3516 238 3573; x_wconf 91' lang='lat' dir='ltr'>male</span> <span class='ocrx_word' id='word_1_342' title='bbox 250 3517 355 3589; x_wconf 84' lang='lat' dir='ltr'>perdet,</span> <span class='ocrx_word' id='word_1_343' title='bbox 370 3520 396 3573; x_wconf 88' lang='lat' dir='ltr'>et</span> <span class='ocrx_word' id='word_1_344' title='bbox 410 3519 520 3574; x_wconf 83' lang='lat' dir='ltr'>vineam</span> <span class='ocrx_word' id='word_1_345' title='bbox 541 3535 621 3574; x_wconf 90' lang='lat' dir='ltr'>suam</span> <span class='ocrx_word' id='word_1_346' title='bbox 646 3518 749 3576; x_wconf 80' lang='lat' dir='ltr'>locabit</span> <span class='ocrx_word' id='word_1_347' title='bbox 771 3519 838 3575; x_wconf 87' lang='lat' dir='ltr'>aliis</span> <span class='ocrx_word' id='word_1_348' title='bbox 862 3522 993 3590; x_wconf 82' lang='lat' dir='ltr'>apricolis</span> 
     </span>
     <span class='ocr_line' id='line_1_38' title="bbox 166 3605 990 3679; baseline 0.008 -19"><span class='ocrx_word' id='word_1_349' title='bbox 166 3605 272 3674; x_wconf 75' lang='lat' dir='ltr'>(bam.</span> <span class='ocrx_word' id='word_1_350' title='bbox 286 3623 344 3674; x_wconf 53' lang='lat' dir='ltr'>axi,</span> <span class='ocrx_word' id='word_1_351' title='bbox 363 3606 419 3676; x_wconf 82' lang='lat' dir='ltr'>ll).</span> <span class='ocrx_word' id='word_1_352' title='bbox 435 3606 498 3663; x_wconf 92' lang='lat' dir='ltr'>Non</span> <span class='ocrx_word' id='word_1_353' title='bbox 523 3606 601 3663; x_wconf 88' lang='lat' dir='ltr'>cuim</span> <span class='ocrx_word' id='word_1_354' title='bbox 617 3606 678 3679; x_wconf 86' lang='lat' dir='ltr'>uit,¹</span> <span class='ocrx_word' id='word_1_355' title='bbox 691 3607 869 3678; x_wconf 77' lang='lat' dir='ltr'>Srsdicabit‚</span> <span class='ocrx_word' id='word_1_356' title='bbox 886 3609 990 3667; x_wconf 86' lang='lat' dir='ltr'>aliam·</span> 
     </span>
     <span class='ocr_line' id='line_1_39' title="bbox 166 3693 990 3772; baseline 0.008 -24"><span class='ocrx_word' id='word_1_357' title='bbox 166 3709 223 3765; x_wconf 89' lang='lat' dir='ltr'>que</span> <span class='ocrx_word' id='word_1_358' title='bbox 239 3693 401 3766; x_wconf 79' lang='lat' dir='ltr'>plantabit3</span> <span class='ocrx_word' id='word_1_359' title='bbox 418 3695 479 3766; x_wconf 86' lang='lat' dir='ltr'>scd,</span> <span class='ocrx_word' id='word_1_360' title='bbox 492 3695 593 3751; x_wconf 85' lang='lat' dir='ltr'>eadem</span> <span class='ocrx_word' id='word_1_361' title='bbox 605 3695 699 3767; x_wconf 88' lang='lat' dir='ltr'>ipsam</span> <span class='ocrx_word' id='word_1_362' title='bbox 713 3694 898 3754; x_wconf 84' lang='lat' dir='ltr'>locabitaliis</span> <span class='ocrx_word' id='word_1_363' title='bbox 913 3699 990 3772; x_wconf 84' lang='lat' dir='ltr'>agri-</span> 
     </span>
     <span class='ocr_line' id='line_1_40' title="bbox 165 3781 991 3856; baseline 0.007 -18"><span class='ocrx_word' id='word_1_364' title='bbox 165 3781 247 3838; x_wconf 88' lang='lat' dir='ltr'>colis.</span> <span class='ocrx_word' id='word_1_365' title='bbox 265 3783 372 3839; x_wconf 74' lang='lat' dir='ltr'>liudem</span> <span class='ocrx_word' id='word_1_366' title='bbox 388 3799 516 3856; x_wconf 90' lang='lat' dir='ltr'>namque</span> <span class='ocrx_word' id='word_1_367' title='bbox 526 3790 571 3839; x_wconf 89' lang='lat' dir='ltr'>cst</span> <span class='ocrx_word' id='word_1_368' title='bbox 584 3788 754 3841; x_wconf 86' lang='lat' dir='ltr'>sauctorum</span> <span class='ocrx_word' id='word_1_369' title='bbox 769 3786 908 3843; x_wconf 76' lang='lat' dir='ltr'>societate</span> <span class='ocrx_word' id='word_1_370' title='bbox 922 3788 991 3844; x_wconf 89' lang='lat' dir='ltr'>civi·</span> 
     </span>
     <span class='ocr_line' id='line_1_41' title="bbox 163 3870 991 3946; baseline 0.008 -20"><span class='ocrx_word' id='word_1_371' title='bbox 163 3874 210 3927; x_wconf 84' lang='lat' dir='ltr'>tas</span> <span class='ocrx_word' id='word_1_372' title='bbox 226 3871 275 3927; x_wconf 82' lang='lat' dir='ltr'>uei</span> <span class='ocrx_word' id='word_1_373' title='bbox 291 3876 320 3927; x_wconf 88' lang='lat' dir='ltr'>et</span> <span class='ocrx_word' id='word_1_374' title='bbox 334 3871 520 3946; x_wconf 79' lang='lat' dir='ltr'>congregatio</span> <span class='ocrx_word' id='word_1_375' title='bbox 536 3870 667 3928; x_wconf 86' lang='lat' dir='ltr'>illiorum</span> <span class='ocrx_word' id='word_1_376' title='bbox 680 3873 896 3945; x_wconf 86' lang='lat' dir='ltr'>promissionis,</span> <span class='ocrx_word' id='word_1_377' title='bbox 913 3893 991 3933; x_wconf 91' lang='lat' dir='ltr'>mor·</span> 
     </span>
     <span class='ocr_line' id='line_1_42' title="bbox 163 3957 998 4038; baseline 0.011 -24"><span class='ocrx_word' id='word_1_378' title='bbox 163 3957 264 4015; x_wconf 86' lang='lat' dir='ltr'>talium</span> <span class='ocrx_word' id='word_1_379' title='bbox 280 3960 449 4017; x_wconf 87' lang='lat' dir='ltr'>decessione</span> <span class='ocrx_word' id='word_1_380' title='bbox 464 3976 499 4017; x_wconf 90' lang='lat' dir='ltr'>aa</span> <span class='ocrx_word' id='word_1_381' title='bbox 508 3959 697 4017; x_wconf 84' lang='lat' dir='ltr'>successione</span> <span class='ocrx_word' id='word_1_382' title='bbox 709 3961 893 4034; x_wconf 83' lang='lat' dir='ltr'>complenda,</span> <span class='ocrx_word' id='word_1_383' title='bbox 902 3970 998 4038; x_wconf 33' lang='lat' dir='ltr'>alque,</span> 
     </span>
     <span class='ocr_line' id='line_1_43' title="bbox 161 4045 990 4113; baseline 0.014 -12"><span class='ocrx_word' id='word_1_384' title='bbox 161 4045 192 4102; x_wconf 92' lang='lat' dir='ltr'>in</span> <span class='ocrx_word' id='word_1_385' title='bbox 207 4047 265 4103; x_wconf 88' lang='lat' dir='ltr'>fine</span> <span class='ocrx_word' id='word_1_386' title='bbox 281 4048 380 4103; x_wconf 81' lang='lat' dir='ltr'>saculi</span> <span class='ocrx_word' id='word_1_387' title='bbox 396 4049 426 4104; x_wconf 88' lang='lat' dir='ltr'>in</span> <span class='ocrx_word' id='word_1_388' title='bbox 442 4048 580 4105; x_wconf 89' lang='lat' dir='ltr'>omnibus</span> <span class='ocrx_word' id='word_1_389' title='bbox 594 4050 847 4108; x_wconf 89' lang='lat' dir='ltr'>immortalitatem</span> <span class='ocrx_word' id='word_1_390' title='bbox 862 4054 990 4113; x_wconf 91' lang='lat' dir='ltr'>debitam</span> 
     </span>
     <span class='ocr_line' id='line_1_44' title="bbox 162 4136 989 4214; baseline 0.01 -23"><span class='ocrx_word' id='word_1_391' title='bbox 162 4140 314 4208; x_wconf 85' lang='lat' dir='ltr'>receptura</span> <span class='ocrx_word' id='word_1_392' title='bbox 331 4154 337 4190; x_wconf 92' lang='lat'>:</span> <span class='ocrx_word' id='word_1_393' title='bbox 355 4154 418 4208; x_wconf 80' lang='lat' dir='ltr'>qus</span> <span class='ocrx_word' id='word_1_394' title='bbox 436 4136 493 4194; x_wconf 89' lang='lat' dir='ltr'>alio</span> <span class='ocrx_word' id='word_1_395' title='bbox 515 4136 645 4194; x_wconf 89' lang='lat' dir='ltr'>modain</span> <span class='ocrx_word' id='word_1_396' title='bbox 669 4139 727 4196; x_wconf 89' lang='lat' dir='ltr'>alio</span> <span class='ocrx_word' id='word_1_397' title='bbox 743 4140 856 4213; x_wconf 82' lang='lat' dir='ltr'>psalmo</span> <span class='ocrx_word' id='word_1_398' title='bbox 871 4159 923 4214; x_wconf 87' lang='lat' dir='ltr'>per</span> <span class='ocrx_word' id='word_1_399' title='bbox 937 4143 989 4201; x_wconf 91' lang='lat' dir='ltr'>oli·</span> 
     </span>
     <span class='ocr_line' id='line_1_45' title="bbox 162 4223 991 4299; baseline 0.012 -22"><span class='ocrx_word' id='word_1_400' title='bbox 162 4239 227 4278; x_wconf 89' lang='lat' dir='ltr'>vam</span> <span class='ocrx_word' id='word_1_401' title='bbox 242 4223 422 4279; x_wconf 79' lang='lat' dir='ltr'>fructiferam</span> <span class='ocrx_word' id='word_1_402' title='bbox 449 4225 645 4298; x_wconf 72' lang='lat' dir='ltr'>significatur,</span> <span class='ocrx_word' id='word_1_403' title='bbox 662 4229 691 4281; x_wconf 86' lang='lat' dir='ltr'>et</span> <span class='ocrx_word' id='word_1_404' title='bbox 715 4225 797 4296; x_wconf 85' lang='lat' dir='ltr'>dicit,</span> <span class='ocrx_word' id='word_1_405' title='bbox 822 4229 879 4299; x_wconf 81' lang='lat' dir='ltr'>Epo</span> <span class='ocrx_word' id='word_1_406' title='bbox 899 4233 991 4287; x_wconf 83' lang='lat' dir='ltr'>aulem</span> 
     </span>
     <span class='ocr_line' id='line_1_46' title="bbox 161 4298 990 4386; baseline 0.012 -20"><span class='ocrx_word' id='word_1_407' title='bbox 161 4312 231 4366; x_wconf 85' lang='lat' dir='ltr'>sicut</span> <span class='ocrx_word' id='word_1_408' title='bbox 244 4312 317 4368; x_wconf 86' lang='lat' dir='ltr'>aliua</span> <span class='ocrx_word' id='word_1_409' title='bbox 329 4298 482 4384; x_wconf 71' lang='lat' dir='ltr'>fructifera</span> <span class='ocrx_word' id='word_1_410' title='bbox 493 4314 521 4368; x_wconf 90' lang='lat' dir='ltr'>in</span> <span class='ocrx_word' id='word_1_411' title='bbox 537 4312 615 4369; x_wconf 88' lang='lat' dir='ltr'>domo</span> <span class='ocrx_word' id='word_1_412' title='bbox 633 4313 693 4386; x_wconf 78' lang='lat' dir='ltr'>liei,</span> <span class='ocrx_word' id='word_1_413' title='bbox 713 4317 823 4384; x_wconf 82' lang='lat' dir='ltr'>speravi</span> <span class='ocrx_word' id='word_1_414' title='bbox 836 4318 866 4373; x_wconf 90' lang='lat' dir='ltr'>in</span> <span class='ocrx_word' id='word_1_415' title='bbox 881 4320 990 4375; x_wconf 83' lang='lat' dir='ltr'>miseri-</span> 
     </span>
     <span class='ocr_line' id='line_1_47' title="bbox 162 4399 986 4480; baseline 0.011 -25"><span class='ocrx_word' id='word_1_416' title='bbox 162 4399 257 4456; x_wconf 84' lang='lat' dir='ltr'>cordia</span> <span class='ocrx_word' id='word_1_417' title='bbox 271 4401 323 4456; x_wconf 85' lang='lat' dir='ltr'>Dei</span> <span class='ocrx_word' id='word_1_418' title='bbox 338 4403 368 4456; x_wconf 87' lang='lat' dir='ltr'>in</span> <span class='ocrx_word' id='word_1_419' title='bbox 379 4406 524 4471; x_wconf 75' lang='lat' dir='ltr'>eternum,</span> <span class='ocrx_word' id='word_1_420' title='bbox 539 4403 573 4458; x_wconf 77' lang='lat' dir='ltr'>ut</span> <span class='ocrx_word' id='word_1_421' title='bbox 588 4403 619 4458; x_wconf 87' lang='lat' dir='ltr'>in</span> <span class='ocrx_word' id='word_1_422' title='bbox 641 4404 775 4460; x_wconf 74' lang='lat' dir='ltr'>seculum</span> <span class='ocrx_word' id='word_1_423' title='bbox 792 4406 888 4462; x_wconf 77' lang='lat' dir='ltr'>seculi</span> <span class='ocrx_word' id='word_1_424' title='bbox 902 4407 986 4480; x_wconf 80' lang='lat' dir='ltr'>(Psoi.</span> 
     </span>
     <span class='ocr_line' id='line_1_48' title="bbox 163 4489 986 4569; baseline 0.006 -22"><span class='ocrx_word' id='word_1_425' title='bbox 163 4504 200 4557; x_wconf 81' lang='lat' dir='ltr'>ur,</span> <span class='ocrx_word' id='word_1_426' title='bbox 217 4489 271 4561; x_wconf 81' lang='lat'>10).</span> <span class='ocrx_word' id='word_1_427' title='bbox 289 4489 388 4562; x_wconf 88' lang='lat' dir='ltr'>Neque</span> <span class='ocrx_word' id='word_1_428' title='bbox 402 4491 471 4563; x_wconf 88' lang='lat' dir='ltr'>quis</span> <span class='ocrx_word' id='word_1_429' title='bbox 486 4490 568 4547; x_wconf 82' lang='lat' dir='ltr'>fracti</span> <span class='ocrx_word' id='word_1_430' title='bbox 586 4495 657 4547; x_wconf 89' lang='lat' dir='ltr'>sunt</span> <span class='ocrx_word' id='word_1_431' title='bbox 671 4491 804 4549; x_wconf 85' lang='lat' dir='ltr'>infideles</span> <span class='ocrx_word' id='word_1_432' title='bbox 815 4498 843 4550; x_wconf 89' lang='lat' dir='ltr'>st</span> <span class='ocrx_word' id='word_1_433' title='bbox 858 4496 986 4569; x_wconf 81' lang='lat' dir='ltr'>superbi,</span> 
     </span>
     <span class='ocr_line' id='line_1_49' title="bbox 163 4577 987 4651; baseline 0.012 -19"><span class='ocrx_word' id='word_1_434' title='bbox 163 4594 196 4633; x_wconf 90' lang='lat' dir='ltr'>ac</span> <span class='ocrx_word' id='word_1_435' title='bbox 211 4594 262 4651; x_wconf 87' lang='lat' dir='ltr'>per</span> <span class='ocrx_word' id='word_1_436' title='bbox 278 4577 331 4635; x_wconf 89' lang='lat' dir='ltr'>boc</span> <span class='ocrx_word' id='word_1_437' title='bbox 352 4579 526 4636; x_wconf 87' lang='lat' dir='ltr'>intructuosi</span> <span class='ocrx_word' id='word_1_438' title='bbox 542 4579 627 4648; x_wconf 81' lang='lat' dir='ltr'>rami,</span> <span class='ocrx_word' id='word_1_439' title='bbox 645 4583 678 4636; x_wconf 92' lang='lat' dir='ltr'>ut</span> <span class='ocrx_word' id='word_1_440' title='bbox 702 4578 880 4639; x_wconf 88' lang='lat' dir='ltr'>insereretur</span> <span class='ocrx_word' id='word_1_441' title='bbox 894 4584 987 4643; x_wconf 84' lang='lat' dir='ltr'>olens·</span> 
     </span>
     <span class='ocr_line' id='line_1_50' title="bbox 162 4665 986 4741; baseline 0.015 -22"><span class='ocrx_word' id='word_1_442' title='bbox 162 4665 368 4734; x_wconf 76' lang='lat' dir='ltr'>tendentium,</span> <span class='ocrx_word' id='word_1_443' title='bbox 386 4668 450 4724; x_wconf 82' lang='lat' dir='ltr'>ideo</span> <span class='ocrx_word' id='word_1_444' title='bbox 466 4666 560 4740; x_wconf 91' lang='lat' dir='ltr'>perire</span> <span class='ocrx_word' id='word_1_445' title='bbox 585 4669 680 4741; x_wconf 86' lang='lat' dir='ltr'>potuit</span> <span class='ocrx_word' id='word_1_446' title='bbox 695 4669 777 4726; x_wconf 86' lang='lat' dir='ltr'>radix</span> <span class='ocrx_word' id='word_1_447' title='bbox 801 4671 986 4731; x_wconf 86' lang='lat' dir='ltr'>Patriarcha·</span> 
     </span>
     <span class='ocr_line' id='line_1_51' title="bbox 163 4755 985 4833; baseline 0.013 -25"><span class='ocrx_word' id='word_1_448' title='bbox 163 4769 229 4809; x_wconf 91' lang='lat' dir='ltr'>rum</span> <span class='ocrx_word' id='word_1_449' title='bbox 243 4759 273 4808; x_wconf 83' lang='lat' dir='ltr'>at</span> <span class='ocrx_word' id='word_1_450' title='bbox 287 4755 507 4828; x_wconf 86' lang='lat' dir='ltr'>Prophetarum.</span> <span class='ocrx_word' id='word_1_451' title='bbox 520 4758 596 4829; x_wconf 82' lang='lat' dir='ltr'>Quia</span> <span class='ocrx_word' id='word_1_452' title='bbox 611 4757 664 4814; x_wconf 87' lang='lat' dir='ltr'>etsi</span> <span class='ocrx_word' id='word_1_453' title='bbox 676 4758 985 4833; x_wconf 64' lang='lat' dir='ltr'>[ueritiuquitlssias</span> 
     </span>
    </p>
   </div>
   <div class='ocr_carea' id='block_1_4' title="bbox 1046 1209 1873 1370">
    <p class='ocr_par' dir='ltr' id='par_1_6' title="bbox 1046 1209 1873 1370">
     <span class='ocr_line' id='line_1_52' title="bbox 1046 1209 1873 1283; baseline 0.005 -17"><span class='ocrx_word' id='word_1_454' title='bbox 1046 1224 1102 1266; x_wconf 87' lang='lat' dir='ltr'>non</span> <span class='ocrx_word' id='word_1_455' title='bbox 1116 1209 1265 1264; x_wconf 86' lang='lat' dir='ltr'>seeundum</span> <span class='ocrx_word' id='word_1_456' title='bbox 1288 1213 1480 1266; x_wconf 85' lang='lat' dir='ltr'>testamentum</span> <span class='ocrx_word' id='word_1_457' title='bbox 1504 1212 1580 1283; x_wconf 85' lang='lat' dir='ltr'>quod</span> <span class='ocrx_word' id='word_1_458' title='bbox 1601 1213 1733 1268; x_wconf 86' lang='lat' dir='ltr'>constitui</span> <span class='ocrx_word' id='word_1_459' title='bbox 1745 1215 1873 1283; x_wconf 85' lang='lat' dir='ltr'>patribus</span> 
     </span>
     <span class='ocr_line' id='line_1_53' title="bbox 1048 1296 1871 1370; baseline 0.007 -17"><span class='ocrx_word' id='word_1_460' title='bbox 1048 1312 1156 1365; x_wconf 86' lang='lat' dir='ltr'>earum,</span> <span class='ocrx_word' id='word_1_461' title='bbox 1172 1296 1218 1353; x_wconf 86' lang='lat' dir='ltr'>die</span> <span class='ocrx_word' id='word_1_462' title='bbox 1231 1313 1285 1370; x_wconf 89' lang='lat' dir='ltr'>qua</span> <span class='ocrx_word' id='word_1_463' title='bbox 1295 1297 1464 1369; x_wconf 75' lang='lat' dir='ltr'>apprehendi</span> <span class='ocrx_word' id='word_1_464' title='bbox 1474 1315 1590 1354; x_wconf 88' lang='lat' dir='ltr'>manum</span> <span class='ocrx_word' id='word_1_465' title='bbox 1605 1315 1714 1368; x_wconf 86' lang='lat' dir='ltr'>earum,</span> <span class='ocrx_word' id='word_1_466' title='bbox 1727 1305 1757 1356; x_wconf 89' lang='lat' dir='ltr'>ut</span> <span class='ocrx_word' id='word_1_467' title='bbox 1773 1301 1871 1359; x_wconf 86' lang='lat' dir='ltr'>educe·</span> 
     </span>
    </p>
   </div>
   <div class='ocr_carea' id='block_1_5' title="bbox 1043 1368 1874 1463">
    <p class='ocr_par' dir='ltr' id='par_1_7' title="bbox 1043 1368 1874 1463">
     <span class='ocr_line' id='line_1_54' title="bbox 1043 1368 1874 1463; baseline 0.006 -20"><span class='ocrx_word' id='word_1_468' title='bbox 1043 1368 1106 1443; x_wconf 53' lang='lat' dir='ltr'>&#39;rem</span> <span class='ocrx_word' id='word_1_469' title='bbox 1119 1402 1167 1443; x_wconf 87' lang='lat' dir='ltr'>eas</span> <span class='ocrx_word' id='word_1_470' title='bbox 1180 1385 1214 1442; x_wconf 84' lang='lat' dir='ltr'>de</span> <span class='ocrx_word' id='word_1_471' title='bbox 1226 1393 1309 1442; x_wconf 87' lang='lat' dir='ltr'>terra</span> <span class='ocrx_word' id='word_1_472' title='bbox 1322 1387 1436 1460; x_wconf 82' lang='lat' dir='ltr'>AEqypti</span> <span class='ocrx_word' id='word_1_473' title='bbox 1449 1389 1558 1457; x_wconf 78' lang='lat' dir='ltr'>(ierem.</span> <span class='ocrx_word' id='word_1_474' title='bbox 1583 1405 1659 1456; x_wconf 78' lang='lat' dir='ltr'>nur,</span> <span class='ocrx_word' id='word_1_475' title='bbox 1675 1389 1721 1454; x_wconf 90' lang='lat'>31,</span> <span class='ocrx_word' id='word_1_476' title='bbox 1736 1390 1792 1463; x_wconf 75' lang='grc'><strong>32).</strong></span> <span class='ocrx_word' id='word_1_477' title='bbox 1814 1392 1874 1448; x_wconf 84' lang='lat' dir='ltr'>ists</span> 
     </span>
    </p>
   </div>
   <div class='ocr_carea' id='block_1_6' title="bbox 1040 1474 1925 4831">
    <p class='ocr_par' dir='ltr' id='par_1_8' title="bbox 1040 1474 1925 4831">
     <span class='ocr_line' id='line_1_55' title="bbox 1048 1474 1875 1549; baseline 0.006 -19"><span class='ocrx_word' id='word_1_478' title='bbox 1048 1478 1125 1531; x_wconf 91' lang='lat' dir='ltr'>certe</span> <span class='ocrx_word' id='word_1_479' title='bbox 1140 1474 1425 1548; x_wconf 79' lang='lat' dir='ltr'>predictamutatio,</span> <span class='ocrx_word' id='word_1_480' title='bbox 1438 1493 1495 1533; x_wconf 91' lang='lat' dir='ltr'>non</span> <span class='ocrx_word' id='word_1_481' title='bbox 1511 1492 1563 1549; x_wconf 94' lang='lat' dir='ltr'>per</span> <span class='ocrx_word' id='word_1_482' title='bbox 1572 1476 1758 1534; x_wconf 87' lang='lat' dir='ltr'>Psalmorum</span> <span class='ocrx_word' id='word_1_483' title='bbox 1774 1480 1875 1536; x_wconf 90' lang='lat' dir='ltr'>titulos</span> 
     </span>
     <span class='ocr_line' id='line_1_56' title="bbox 1048 1562 1875 1638; baseline 0.006 -19"><span class='ocrx_word' id='word_1_484' title='bbox 1048 1562 1285 1636; x_wconf 80' lang='lat' dir='ltr'>intelligentibus</span> <span class='ocrx_word' id='word_1_485' title='bbox 1309 1563 1412 1637; x_wconf 82' lang='lat' dir='ltr'>paucis</span> <span class='ocrx_word' id='word_1_486' title='bbox 1436 1565 1629 1638; x_wconf 78' lang='lat' dir='ltr'>significatur,</span> <span class='ocrx_word' id='word_1_487' title='bbox 1646 1566 1695 1622; x_wconf 89' lang='lat' dir='ltr'>sed</span> <span class='ocrx_word' id='word_1_488' title='bbox 1719 1567 1875 1625; x_wconf 81' lang='lat' dir='ltr'>manifesto</span> 
     </span>
     <span class='ocr_line' id='line_1_57' title="bbox 1048 1651 1874 1729; baseline 0.008 -23"><span class='ocrx_word' id='word_1_489' title='bbox 1048 1652 1193 1724; x_wconf 74' lang='lat' dir='ltr'>praeconio</span> <span class='ocrx_word' id='word_1_490' title='bbox 1207 1651 1383 1725; x_wconf 78' lang='lat' dir='ltr'>prophetiam</span> <span class='ocrx_word' id='word_1_491' title='bbox 1396 1652 1477 1709; x_wconf 88' lang='lat' dir='ltr'>uocis</span> <span class='ocrx_word' id='word_1_492' title='bbox 1491 1653 1675 1726; x_wconf 87' lang='lat' dir='ltr'>exprimitur.</span> <span class='ocrx_word' id='word_1_493' title='bbox 1691 1656 1795 1727; x_wconf 81' lang='lat' dir='ltr'>Aperte</span> <span class='ocrx_word' id='word_1_494' title='bbox 1807 1674 1874 1729; x_wconf 92' lang='lat' dir='ltr'>pro-</span> 
     </span>
     <span class='ocr_line' id='line_1_58' title="bbox 1049 1739 1874 1813; baseline 0.008 -18"><span class='ocrx_word' id='word_1_495' title='bbox 1049 1739 1174 1796; x_wconf 90' lang='lat' dir='ltr'>missum</span> <span class='ocrx_word' id='word_1_496' title='bbox 1191 1747 1236 1796; x_wconf 88' lang='lat' dir='ltr'>est</span> <span class='ocrx_word' id='word_1_497' title='bbox 1259 1743 1468 1797; x_wconf 86' lang='lat' dir='ltr'>testamentum</span> <span class='ocrx_word' id='word_1_498' title='bbox 1493 1757 1613 1813; x_wconf 89' lang='lat' dir='ltr'>nouum,</span> <span class='ocrx_word' id='word_1_499' title='bbox 1629 1759 1687 1799; x_wconf 91' lang='lat' dir='ltr'>non</span> <span class='ocrx_word' id='word_1_500' title='bbox 1711 1746 1874 1802; x_wconf 91' lang='lat' dir='ltr'>secundum</span> 
     </span>
     <span class='ocr_line' id='line_1_59' title="bbox 1048 1829 1871 1906; baseline 0.011 -24"><span class='ocrx_word' id='word_1_501' title='bbox 1048 1831 1257 1884; x_wconf 84' lang='lat' dir='ltr'>testamentum</span> <span class='ocrx_word' id='word_1_502' title='bbox 1273 1829 1350 1901; x_wconf 92' lang='lat' dir='ltr'>quod</span> <span class='ocrx_word' id='word_1_503' title='bbox 1360 1830 1469 1886; x_wconf 88' lang='lat' dir='ltr'>lactum</span> <span class='ocrx_word' id='word_1_504' title='bbox 1485 1835 1530 1886; x_wconf 91' lang='lat' dir='ltr'>est</span> <span class='ocrx_word' id='word_1_505' title='bbox 1541 1831 1575 1886; x_wconf 90' lang='lat' dir='ltr'>ad</span> <span class='ocrx_word' id='word_1_506' title='bbox 1588 1830 1742 1903; x_wconf 85' lang='lat' dir='ltr'>populum,</span> <span class='ocrx_word' id='word_1_507' title='bbox 1754 1835 1871 1906; x_wconf 89' lang='lat' dir='ltr'>quando</span> 
     </span>
     <span class='ocr_line' id='line_1_60' title="bbox 1048 1915 1865 1991; baseline 0.007 -18"><span class='ocrx_word' id='word_1_508' title='bbox 1048 1915 1172 1973; x_wconf 88' lang='lat' dir='ltr'>eductus</span> <span class='ocrx_word' id='word_1_509' title='bbox 1188 1921 1232 1973; x_wconf 91' lang='lat' dir='ltr'>est</span> <span class='ocrx_word' id='word_1_510' title='bbox 1242 1917 1277 1973; x_wconf 90' lang='lat' dir='ltr'>dc</span> <span class='ocrx_word' id='word_1_511' title='bbox 1291 1917 1422 1991; x_wconf 81' lang='lat' dir='ltr'>AEgypto.</span> <span class='ocrx_word' id='word_1_512' title='bbox 1436 1919 1582 1991; x_wconf 81' lang='lat' dir='ltr'>Gumergo</span> <span class='ocrx_word' id='word_1_513' title='bbox 1598 1919 1629 1974; x_wconf 91' lang='lat' dir='ltr'>in</span> <span class='ocrx_word' id='word_1_514' title='bbox 1645 1919 1694 1977; x_wconf 91' lang='lat' dir='ltr'>illa</span> <span class='ocrx_word' id='word_1_515' title='bbox 1710 1922 1797 1977; x_wconf 88' lang='lat' dir='ltr'>veteri</span> <span class='ocrx_word' id='word_1_516' title='bbox 1808 1928 1865 1979; x_wconf 89' lang='lat' dir='ltr'>tes·</span> 
     </span>
     <span class='ocr_line' id='line_1_61' title="bbox 1049 2006 1869 2084; baseline 0.01 -24"><span class='ocrx_word' id='word_1_517' title='bbox 1049 2009 1178 2061; x_wconf 87' lang='lat' dir='ltr'>lamento</span> <span class='ocrx_word' id='word_1_518' title='bbox 1189 2006 1401 2079; x_wconf 80' lang='lat' dir='ltr'>praceptaeint</span> <span class='ocrx_word' id='word_1_519' title='bbox 1416 2007 1550 2080; x_wconf 81' lang='lat' dir='ltr'>isla,qua</span> <span class='ocrx_word' id='word_1_520' title='bbox 1562 2025 1615 2065; x_wconf 91' lang='lat' dir='ltr'>nos</span> <span class='ocrx_word' id='word_1_521' title='bbox 1630 2010 1665 2065; x_wconf 91' lang='lat' dir='ltr'>ad</span> <span class='ocrx_word' id='word_1_522' title='bbox 1682 2026 1788 2067; x_wconf 87' lang='lat' dir='ltr'>novum</span> <span class='ocrx_word' id='word_1_523' title='bbox 1800 2028 1869 2084; x_wconf 87' lang='lat' dir='ltr'>pcr-</span> 
     </span>
     <span class='ocr_line' id='line_1_62' title="bbox 1049 2093 1869 2169; baseline 0.011 -20"><span class='ocrx_word' id='word_1_524' title='bbox 1049 2093 1176 2150; x_wconf 84' lang='lat' dir='ltr'>tinentee</span> <span class='ocrx_word' id='word_1_525' title='bbox 1190 2094 1343 2151; x_wconf 84' lang='lat' dir='ltr'>observare</span> <span class='ocrx_word' id='word_1_526' title='bbox 1359 2112 1416 2153; x_wconf 90' lang='lat' dir='ltr'>uon</span> <span class='ocrx_word' id='word_1_527' title='bbox 1431 2095 1574 2169; x_wconf 79' lang='lat' dir='ltr'>cogimur,</span> <span class='ocrx_word' id='word_1_528' title='bbox 1590 2113 1643 2153; x_wconf 88' lang='lat' dir='ltr'>cur</span> <span class='ocrx_word' id='word_1_529' title='bbox 1657 2115 1717 2155; x_wconf 92' lang='lat' dir='ltr'>non</span> <span class='ocrx_word' id='word_1_530' title='bbox 1731 2098 1825 2156; x_wconf 84' lang='lat' dir='ltr'>Judaei</span> <span class='ocrx_word' id='word_1_531' title='bbox 1838 2118 1869 2158; x_wconf 90' lang='lat' dir='ltr'>se</span> 
     </span>
     <span class='ocr_line' id='line_1_63' title="bbox 1049 2181 1873 2264; baseline 0.008 -25"><span class='ocrx_word' id='word_1_532' title='bbox 1049 2181 1873 2264; x_wconf 81' lang='lat' dir='ltr'>potiuslnvetustatesupervaeenearemansisseeognos-</span> 
     </span>
     <span class='ocr_line' id='line_1_64' title="bbox 1050 2272 1873 2350; baseline 0.009 -23"><span class='ocrx_word' id='word_1_533' title='bbox 1050 2272 1873 2350; x_wconf 70' lang='lat' dir='ltr'>suntquamnobisnovapromissatenentibus,quodve·</span> 
     </span>
     <span class='ocr_line' id='line_1_65' title="bbox 1049 2359 1876 2439; baseline 0.011 -24"><span class='ocrx_word' id='word_1_534' title='bbox 1049 2361 1175 2416; x_wconf 88' lang='lat' dir='ltr'>teranan</span> <span class='ocrx_word' id='word_1_535' title='bbox 1191 2359 1702 2434; x_wconf 71' lang='lat' dir='ltr'>observemuaoblioiuntiQuoniam</span> <span class='ocrx_word' id='word_1_536' title='bbox 1713 2367 1876 2439; x_wconf 85' lang='lat' dir='ltr'>ergo,sicut</span> 
     </span>
     <span class='ocr_line' id='line_1_66' title="bbox 1050 2446 1874 2526; baseline 0.011 -23"><span class='ocrx_word' id='word_1_537' title='bbox 1050 2446 1192 2521; x_wconf 88' lang='lat' dir='ltr'>scriptum</span> <span class='ocrx_word' id='word_1_538' title='bbox 1208 2453 1253 2504; x_wconf 87' lang='lat' dir='ltr'>est</span> <span class='ocrx_word' id='word_1_539' title='bbox 1268 2449 1298 2505; x_wconf 92' lang='lat' dir='ltr'>in</span> <span class='ocrx_word' id='word_1_540' title='bbox 1313 2449 1433 2506; x_wconf 86' lang='lat' dir='ltr'>Cantica</span> <span class='ocrx_word' id='word_1_541' title='bbox 1448 2450 1639 2520; x_wconf 87' lang='lat' dir='ltr'>canticorum,</span> <span class='ocrx_word' id='word_1_542' title='bbox 1650 2453 1790 2526; x_wconf 78' lang='lat' dir='ltr'>Aspirauit</span> <span class='ocrx_word' id='word_1_543' title='bbox 1804 2456 1874 2524; x_wconf 85' lang='lat' dir='ltr'>dies,</span> 
     </span>
     <span class='ocr_line' id='line_1_67' title="bbox 1049 2537 1875 2618; baseline 0.008 -25"><span class='ocrx_word' id='word_1_544' title='bbox 1049 2545 1244 2593; x_wconf 83' lang='lat' dir='ltr'>removeantur</span> <span class='ocrx_word' id='word_1_545' title='bbox 1258 2538 1366 2596; x_wconf 80' lang='lat' dir='ltr'>umbrae</span> <span class='ocrx_word' id='word_1_546' title='bbox 1379 2537 1470 2611; x_wconf 79' lang='lat' dir='ltr'>(Cant.</span> <span class='ocrx_word' id='word_1_547' title='bbox 1484 2539 1591 2612; x_wconf 69' lang='lat'>11‚47);</span> <span class='ocrx_word' id='word_1_548' title='bbox 1608 2540 1771 2613; x_wconf 90' lang='lat' dir='ltr'>spiritualis</span> <span class='ocrx_word' id='word_1_549' title='bbox 1784 2544 1875 2618; x_wconf 85' lang='lat' dir='ltr'>signi·</span> 
     </span>
     <span class='ocr_line' id='line_1_68' title="bbox 1050 2624 1874 2705; baseline 0.012 -25"><span class='ocrx_word' id='word_1_550' title='bbox 1050 2624 1148 2682; x_wconf 80' lang='lat' dir='ltr'>ficatio</span> <span class='ocrx_word' id='word_1_551' title='bbox 1159 2626 1223 2697; x_wconf 85' lang='lat' dir='ltr'>jam</span> <span class='ocrx_word' id='word_1_552' title='bbox 1238 2625 1379 2697; x_wconf 87' lang='lat' dir='ltr'>lucescat,</span> <span class='ocrx_word' id='word_1_553' title='bbox 1390 2626 1516 2684; x_wconf 85' lang='lat' dir='ltr'>carnalis</span> <span class='ocrx_word' id='word_1_554' title='bbox 1531 2627 1688 2686; x_wconf 87' lang='lat' dir='ltr'>celebratio</span> <span class='ocrx_word' id='word_1_555' title='bbox 1696 2631 1758 2702; x_wconf 78' lang='lat' dir='ltr'>iam</span> <span class='ocrx_word' id='word_1_556' title='bbox 1775 2633 1874 2705; x_wconf 90' lang='lat' dir='ltr'>quies·</span> 
     </span>
     <span class='ocr_line' id='line_1_69' title="bbox 1049 2711 1875 2787; baseline 0.013 -20"><span class='ocrx_word' id='word_1_557' title='bbox 1049 2715 1106 2768; x_wconf 89' lang='lat' dir='ltr'>cat.</span> <span class='ocrx_word' id='word_1_558' title='bbox 1131 2713 1202 2768; x_wconf 83' lang='lat' dir='ltr'>Deus</span> <span class='ocrx_word' id='word_1_559' title='bbox 1222 2711 1335 2771; x_wconf 80' lang='lat' dir='ltr'>deorum</span> <span class='ocrx_word' id='word_1_560' title='bbox 1357 2717 1491 2772; x_wconf 79' lang='lat' dir='ltr'>Dominus</span> <span class='ocrx_word' id='word_1_561' title='bbox 1517 2717 1622 2772; x_wconf 87' lang='lat' dir='ltr'>locutus</span> <span class='ocrx_word' id='word_1_562' title='bbox 1645 2721 1695 2787; x_wconf 85' lang='lat' dir='ltr'>est,</span> <span class='ocrx_word' id='word_1_563' title='bbox 1719 2722 1745 2775; x_wconf 88' lang='lat' dir='ltr'>et</span> <span class='ocrx_word' id='word_1_564' title='bbox 1770 2723 1875 2778; x_wconf 85' lang='lat' dir='ltr'>vaeavit</span> 
     </span>
     <span class='ocr_line' id='line_1_70' title="bbox 1049 2803 1874 2880; baseline 0.011 -23"><span class='ocrx_word' id='word_1_565' title='bbox 1049 2804 1153 2858; x_wconf 90' lang='lat' dir='ltr'>terram</span> <span class='ocrx_word' id='word_1_566' title='bbox 1166 2821 1184 2858; x_wconf 91' lang='lat' dir='ltr'>a</span> <span class='ocrx_word' id='word_1_567' title='bbox 1198 2803 1265 2860; x_wconf 83' lang='lat' dir='ltr'>solis</span> <span class='ocrx_word' id='word_1_568' title='bbox 1286 2807 1348 2861; x_wconf 79' lang='lat' dir='ltr'>ortu</span> <span class='ocrx_word' id='word_1_569' title='bbox 1363 2821 1448 2877; x_wconf 87' lang='lat' dir='ltr'>usque</span> <span class='ocrx_word' id='word_1_570' title='bbox 1461 2805 1500 2862; x_wconf 89' lang='lat' dir='ltr'>ud</span> <span class='ocrx_word' id='word_1_571' title='bbox 1519 2822 1644 2863; x_wconf 86' lang='lat' dir='ltr'>occasum</span> <span class='ocrx_word' id='word_1_572' title='bbox 1659 2824 1669 2864; x_wconf 91' lang='lat'><em>:</em></span> <span class='ocrx_word' id='word_1_573' title='bbox 1685 2808 1785 2880; x_wconf 89' lang='lat' dir='ltr'>utique</span> <span class='ocrx_word' id='word_1_574' title='bbox 1807 2827 1874 2866; x_wconf 93' lang='lat' dir='ltr'>om-</span> 
     </span>
     <span class='ocr_line' id='line_1_71' title="bbox 1051 2892 1874 2965; baseline 0.01 -18"><span class='ocrx_word' id='word_1_575' title='bbox 1051 2907 1117 2948; x_wconf 84' lang='lat' dir='ltr'>nem</span> <span class='ocrx_word' id='word_1_576' title='bbox 1132 2897 1240 2949; x_wconf 89' lang='lat' dir='ltr'>terram</span> <span class='ocrx_word' id='word_1_577' title='bbox 1255 2892 1291 2949; x_wconf 87' lang='lat' dir='ltr'>ad</span> <span class='ocrx_word' id='word_1_578' title='bbox 1303 2897 1513 2950; x_wconf 89' lang='lat' dir='ltr'>testamentum</span> <span class='ocrx_word' id='word_1_579' title='bbox 1530 2911 1646 2965; x_wconf 86' lang='lat' dir='ltr'>novum,</span> <span class='ocrx_word' id='word_1_580' title='bbox 1659 2895 1705 2952; x_wconf 95' lang='lat' dir='ltr'>cui</span> <span class='ocrx_word' id='word_1_581' title='bbox 1722 2897 1829 2954; x_wconf 88' lang='lat' dir='ltr'>dicitur</span> <span class='ocrx_word' id='word_1_582' title='bbox 1843 2899 1874 2955; x_wconf 93' lang='lat' dir='ltr'>in</span> 
     </span>
     <span class='ocr_line' id='line_1_72' title="bbox 1049 2979 1873 3053; baseline 0.011 -18"><span class='ocrx_word' id='word_1_583' title='bbox 1049 2979 1106 3036; x_wconf 85' lang='lat' dir='ltr'>alio</span> <span class='ocrx_word' id='word_1_584' title='bbox 1120 2979 1246 3053; x_wconf 85' lang='lat' dir='ltr'>psalmo,</span> <span class='ocrx_word' id='word_1_585' title='bbox 1262 2982 1375 3039; x_wconf 80' lang='lat' dir='ltr'>Cunmte</span> <span class='ocrx_word' id='word_1_586' title='bbox 1386 2984 1501 3039; x_wconf 85' lang='lat' dir='ltr'>Domino</span> <span class='ocrx_word' id='word_1_587' title='bbox 1514 2985 1654 3040; x_wconf 84' lang='lat' dir='ltr'>canticum</span> <span class='ocrx_word' id='word_1_588' title='bbox 1669 3000 1790 3050; x_wconf 77' lang='lat' dir='ltr'>nouum:</span> <span class='ocrx_word' id='word_1_589' title='bbox 1805 3004 1873 3044; x_wconf 89' lang='lat' dir='ltr'>ean-</span> 
     </span>
     <span class='ocr_line' id='line_1_73' title="bbox 1047 3069 1874 3147; baseline 0.011 -23"><span class='ocrx_word' id='word_1_590' title='bbox 1047 3071 1106 3125; x_wconf 82' lang='lat' dir='ltr'>tate</span> <span class='ocrx_word' id='word_1_591' title='bbox 1120 3069 1234 3126; x_wconf 80' lang='lat' dir='ltr'>Domino</span> <span class='ocrx_word' id='word_1_592' title='bbox 1257 3072 1347 3127; x_wconf 71' lang='lat' dir='ltr'>omncs</span> <span class='ocrx_word' id='word_1_593' title='bbox 1361 3076 1449 3127; x_wconf 86' lang='lat' dir='ltr'>terra.</span> <span class='ocrx_word' id='word_1_594' title='bbox 1465 3072 1529 3147; x_wconf 83' lang='lat' dir='ltr'>Non</span> <span class='ocrx_word' id='word_1_595' title='bbox 1552 3088 1621 3146; x_wconf 84' lang='lat' dir='ltr'>ergo</span> <span class='ocrx_word' id='word_1_596' title='bbox 1636 3073 1713 3129; x_wconf 89' lang='lat' dir='ltr'>sicut</span> <span class='ocrx_word' id='word_1_597' title='bbox 1739 3080 1824 3132; x_wconf 82' lang='lat' dir='ltr'>antea</span> <span class='ocrx_word' id='word_1_598' title='bbox 1839 3093 1874 3133; x_wconf 86' lang='lat' dir='ltr'>ex</span> 
     </span>
     <span class='ocr_line' id='line_1_74' title="bbox 1048 3156 1874 3234; baseline 0.011 -22"><span class='ocrx_word' id='word_1_599' title='bbox 1048 3161 1147 3214; x_wconf 88' lang='lat' dir='ltr'>monte</span> <span class='ocrx_word' id='word_1_600' title='bbox 1163 3158 1234 3215; x_wconf 89' lang='lat' dir='ltr'>Sina</span> <span class='ocrx_word' id='word_1_601' title='bbox 1248 3156 1365 3215; x_wconf 89' lang='lat' dir='ltr'>locutus</span> <span class='ocrx_word' id='word_1_602' title='bbox 1390 3164 1435 3216; x_wconf 86' lang='lat' dir='ltr'>est</span> <span class='ocrx_word' id='word_1_603' title='bbox 1449 3160 1500 3217; x_wconf 91' lang='lat' dir='ltr'>uni</span> <span class='ocrx_word' id='word_1_604' title='bbox 1515 3160 1635 3234; x_wconf 83' lang='lat' dir='ltr'>populo,</span> <span class='ocrx_word' id='word_1_605' title='bbox 1651 3177 1739 3234; x_wconf 79' lang='lat' dir='ltr'>qoem</span> <span class='ocrx_word' id='word_1_606' title='bbox 1761 3166 1874 3222; x_wconf 85' lang='lat' dir='ltr'>vocavit</span> 
     </span>
     <span class='ocr_line' id='line_1_75' title="bbox 1048 3234 1875 3327; baseline 0.011 -26"><span class='ocrx_word' id='word_1_607' title='bbox 1048 3262 1082 3302; x_wconf 85' lang='lat' dir='ltr'>ex</span> <span class='ocrx_word' id='word_1_608' title='bbox 1095 3234 1216 3320; x_wconf 70' lang='lat' dir='ltr'>AEgppm</span> <span class='ocrx_word' id='word_1_609' title='bbox 1233 3251 1308 3304; x_wconf 89' lang='lat' dir='ltr'>Deus</span> <span class='ocrx_word' id='word_1_610' title='bbox 1333 3249 1474 3318; x_wconf 88' lang='lat' dir='ltr'>deorum;</span> <span class='ocrx_word' id='word_1_611' title='bbox 1500 3250 1551 3306; x_wconf 86' lang='lat' dir='ltr'>sed</span> <span class='ocrx_word' id='word_1_612' title='bbox 1576 3250 1619 3307; x_wconf 92' lang='lat' dir='ltr'>sic</span> <span class='ocrx_word' id='word_1_613' title='bbox 1632 3250 1747 3309; x_wconf 87' lang='lat' dir='ltr'>locutus</span> <span class='ocrx_word' id='word_1_614' title='bbox 1770 3257 1824 3327; x_wconf 87' lang='lat' dir='ltr'>est,</span> <span class='ocrx_word' id='word_1_615' title='bbox 1841 3259 1875 3311; x_wconf 92' lang='lat' dir='ltr'>ut</span> 
     </span>
     <span class='ocr_line' id='line_1_76' title="bbox 1047 3337 1872 3413; baseline 0.012 -23"><span class='ocrx_word' id='word_1_616' title='bbox 1047 3341 1163 3392; x_wconf 87' lang='lat' dir='ltr'>vocaret</span> <span class='ocrx_word' id='word_1_617' title='bbox 1185 3340 1295 3393; x_wconf 87' lang='lat' dir='ltr'>terram</span> <span class='ocrx_word' id='word_1_618' title='bbox 1319 3354 1337 3393; x_wconf 86' lang='lat' dir='ltr'>a</span> <span class='ocrx_word' id='word_1_619' title='bbox 1360 3337 1432 3394; x_wconf 92' lang='lat' dir='ltr'>solis</span> <span class='ocrx_word' id='word_1_620' title='bbox 1454 3344 1519 3395; x_wconf 90' lang='lat' dir='ltr'>ortu</span> <span class='ocrx_word' id='word_1_621' title='bbox 1545 3340 1698 3413; x_wconf 88' lang='lat' dir='ltr'>usquead</span> <span class='ocrx_word' id='word_1_622' title='bbox 1723 3358 1872 3402; x_wconf 86' lang='lat' dir='ltr'>occasum.</span> 
     </span>
     <span class='ocr_line' id='line_1_77' title="bbox 1047 3424 1873 3501; baseline 0.011 -22"><span class='ocrx_word' id='word_1_623' title='bbox 1047 3424 1140 3491; x_wconf 78' lang='lat' dir='ltr'>Quam</span> <span class='ocrx_word' id='word_1_624' title='bbox 1156 3424 1181 3481; x_wconf 92' lang='lat' dir='ltr'>si</span> <span class='ocrx_word' id='word_1_625' title='bbox 1200 3424 1321 3482; x_wconf 82' lang='lat' dir='ltr'>Judaus</span> <span class='ocrx_word' id='word_1_626' title='bbox 1336 3424 1423 3483; x_wconf 86' lang='lat' dir='ltr'>vellet</span> <span class='ocrx_word' id='word_1_627' title='bbox 1436 3425 1600 3501; x_wconf 84' lang='lat' dir='ltr'>intelligere</span> <span class='ocrx_word' id='word_1_628' title='bbox 1615 3427 1803 3501; x_wconf 88' lang='lat' dir='ltr'>locutionem,</span> <span class='ocrx_word' id='word_1_629' title='bbox 1821 3449 1873 3488; x_wconf 85' lang='lat' dir='ltr'>su·</span> 
     </span>
     <span class='ocr_line' id='line_1_78' title="bbox 1046 3508 1872 3592; baseline 0.012 -25"><span class='ocrx_word' id='word_1_630' title='bbox 1046 3508 1123 3569; x_wconf 89' lang='lat' dir='ltr'>diret</span> <span class='ocrx_word' id='word_1_631' title='bbox 1137 3512 1213 3570; x_wconf 88' lang='lat' dir='ltr'>hanc</span> <span class='ocrx_word' id='word_1_632' title='bbox 1237 3514 1429 3581; x_wconf 81' lang='lat' dir='ltr'>uocationem,</span> <span class='ocrx_word' id='word_1_633' title='bbox 1444 3520 1473 3572; x_wconf 90' lang='lat' dir='ltr'>ct</span> <span class='ocrx_word' id='word_1_634' title='bbox 1494 3516 1524 3572; x_wconf 93' lang='lat' dir='ltr'>in</span> <span class='ocrx_word' id='word_1_635' title='bbox 1548 3516 1591 3574; x_wconf 91' lang='lat' dir='ltr'>eis</span> <span class='ocrx_word' id='word_1_636' title='bbox 1605 3522 1685 3574; x_wconf 89' lang='lat' dir='ltr'>esset</span> <span class='ocrx_word' id='word_1_637' title='bbox 1710 3519 1818 3592; x_wconf 90' lang='lat' dir='ltr'>quibus</span> <span class='ocrx_word' id='word_1_638' title='bbox 1842 3521 1872 3577; x_wconf 93' lang='lat' dir='ltr'>in</span> 
     </span>
     <span class='ocr_line' id='line_1_79' title="bbox 1045 3601 1874 3682; baseline 0.012 -25"><span class='ocrx_word' id='word_1_639' title='bbox 1045 3601 1147 3658; x_wconf 89' lang='lat' dir='ltr'>eodem</span> <span class='ocrx_word' id='word_1_640' title='bbox 1163 3601 1277 3674; x_wconf 86' lang='lat' dir='ltr'>psalmo</span> <span class='ocrx_word' id='word_1_641' title='bbox 1293 3603 1411 3672; x_wconf 81' lang='lat' dir='ltr'>dicitur,</span> <span class='ocrx_word' id='word_1_642' title='bbox 1422 3603 1503 3672; x_wconf 82' lang='lat' dir='ltr'>Audi,</span> <span class='ocrx_word' id='word_1_643' title='bbox 1514 3606 1629 3679; x_wconf 86' lang='lat' dir='ltr'>populns</span> <span class='ocrx_word' id='word_1_644' title='bbox 1642 3623 1729 3675; x_wconf 87' lang='lat' dir='ltr'>meus,</span> <span class='ocrx_word' id='word_1_645' title='bbox 1740 3617 1765 3664; x_wconf 89' lang='lat' dir='ltr'>et</span> <span class='ocrx_word' id='word_1_646' title='bbox 1775 3610 1874 3682; x_wconf 90' lang='lat' dir='ltr'>loquor</span> 
     </span>
     <span class='ocr_line' id='line_1_80' title="bbox 1045 3688 1871 3769; baseline 0.013 -24"><span class='ocrx_word' id='word_1_647' title='bbox 1045 3688 1108 3758; x_wconf 83' lang='lat' dir='ltr'>tibi,</span> <span class='ocrx_word' id='word_1_648' title='bbox 1124 3691 1219 3762; x_wconf 83' lang='lat' dir='ltr'>lsrael,</span> <span class='ocrx_word' id='word_1_649' title='bbox 1234 3695 1261 3747; x_wconf 88' lang='lat' dir='ltr'>et</span> <span class='ocrx_word' id='word_1_650' title='bbox 1282 3692 1448 3764; x_wconf 73' lang='lat' dir='ltr'>testificabor</span> <span class='ocrx_word' id='word_1_651' title='bbox 1461 3693 1517 3749; x_wconf 88' lang='lat' dir='ltr'>tibi</span> <span class='ocrx_word' id='word_1_652' title='bbox 1531 3711 1538 3750; x_wconf 92' lang='lat'><strong>:</strong></span> <span class='ocrx_word' id='word_1_653' title='bbox 1553 3695 1634 3764; x_wconf 85' lang='lat' dir='ltr'>Deus,</span> <span class='ocrx_word' id='word_1_654' title='bbox 1650 3696 1721 3752; x_wconf 83' lang='lat' dir='ltr'>Deus</span> <span class='ocrx_word' id='word_1_655' title='bbox 1745 3700 1809 3754; x_wconf 81' lang='lat' dir='ltr'>tuus</span> <span class='ocrx_word' id='word_1_656' title='bbox 1823 3716 1871 3769; x_wconf 87' lang='lat' dir='ltr'>eqo</span> 
     </span>
     <span class='ocr_line' id='line_1_81' title="bbox 1044 3779 1872 3854; baseline 0.012 -20"><span class='ocrx_word' id='word_1_657' title='bbox 1044 3793 1116 3834; x_wconf 83' lang='lat' dir='ltr'>sum.</span> <span class='ocrx_word' id='word_1_658' title='bbox 1133 3779 1191 3835; x_wconf 84' lang='lat' dir='ltr'>Non</span> <span class='ocrx_word' id='word_1_659' title='bbox 1205 3796 1290 3850; x_wconf 83' lang='lat' dir='ltr'>super</span> <span class='ocrx_word' id='word_1_660' title='bbox 1300 3781 1437 3854; x_wconf 73' lang='lat' dir='ltr'>sacrificio</span> <span class='ocrx_word' id='word_1_661' title='bbox 1449 3790 1498 3838; x_wconf 83' lang='lat' dir='ltr'>tua</span> <span class='ocrx_word' id='word_1_662' title='bbox 1513 3799 1630 3854; x_wconf 79' lang='lat' dir='ltr'>anquam</span> <span class='ocrx_word' id='word_1_663' title='bbox 1645 3792 1690 3853; x_wconf 88' lang='lat' dir='ltr'>te,·</span> <span class='ocrx_word' id='word_1_664' title='bbox 1714 3786 1872 3844; x_wconf 81' lang='lat' dir='ltr'>holocausta</span> 
     </span>
     <span class='ocr_line' id='line_1_82' title="bbox 1044 3870 1871 3947; baseline 0.013 -25"><span class='ocrx_word' id='word_1_665' title='bbox 1044 3871 1136 3923; x_wconf 88' lang='lat' dir='ltr'>autem</span> <span class='ocrx_word' id='word_1_666' title='bbox 1150 3876 1199 3924; x_wconf 85' lang='lat' dir='ltr'>tua</span> <span class='ocrx_word' id='word_1_667' title='bbox 1214 3870 1244 3924; x_wconf 87' lang='lat' dir='ltr'>in</span> <span class='ocrx_word' id='word_1_668' title='bbox 1258 3878 1400 3941; x_wconf 83' lang='lat' dir='ltr'>conspeetu</span> <span class='ocrx_word' id='word_1_669' title='bbox 1413 3886 1472 3927; x_wconf 75' lang='lat' dir='ltr'>ntea</span> <span class='ocrx_word' id='word_1_670' title='bbox 1485 3887 1601 3943; x_wconf 86' lang='lat' dir='ltr'>semper.</span> <span class='ocrx_word' id='word_1_671' title='bbox 1617 3873 1675 3929; x_wconf 84' lang='lat' dir='ltr'>Non</span> <span class='ocrx_word' id='word_1_672' title='bbox 1687 3877 1824 3947; x_wconf 85' lang='lat' dir='ltr'>accipiam</span> <span class='ocrx_word' id='word_1_673' title='bbox 1838 3877 1871 3933; x_wconf 90' lang='lat' dir='ltr'>de</span> 
     </span>
     <span class='ocr_line' id='line_1_83' title="bbox 1044 3954 1870 4036; baseline 0.012 -25"><span class='ocrx_word' id='word_1_674' title='bbox 1044 3954 1123 4012; x_wconf 85' lang='lat' dir='ltr'>domo</span> <span class='ocrx_word' id='word_1_675' title='bbox 1137 3965 1186 4012; x_wconf 87' lang='lat' dir='ltr'>tua</span> <span class='ocrx_word' id='word_1_676' title='bbox 1200 3958 1311 4030; x_wconf 83' lang='lat' dir='ltr'>vitulos,</span> <span class='ocrx_word' id='word_1_677' title='bbox 1325 3975 1411 4030; x_wconf 89' lang='lat' dir='ltr'>neque</span> <span class='ocrx_word' id='word_1_678' title='bbox 1420 3958 1454 4014; x_wconf 88' lang='lat' dir='ltr'>de</span> <span class='ocrx_word' id='word_1_679' title='bbox 1467 3960 1594 4032; x_wconf 84' lang='lat' dir='ltr'>qreqibus</span> <span class='ocrx_word' id='word_1_680' title='bbox 1603 3963 1659 4017; x_wconf 88' lang='lat' dir='ltr'>tuis</span> <span class='ocrx_word' id='word_1_681' title='bbox 1673 3962 1761 4019; x_wconf 85' lang='lat' dir='ltr'>bimos</span> <span class='ocrx_word' id='word_1_682' title='bbox 1776 3982 1786 4020; x_wconf 92' lang='lat'>.·</span> <span class='ocrx_word' id='word_1_683' title='bbox 1802 3981 1870 4036; x_wconf 87' lang='lat' dir='ltr'>quo·</span> 
     </span>
     <span class='ocr_line' id='line_1_84' title="bbox 1043 4045 1869 4122; baseline 0.012 -23"><span class='ocrx_word' id='word_1_684' title='bbox 1043 4045 1122 4100; x_wconf 88' lang='lat' dir='ltr'>niam</span> <span class='ocrx_word' id='word_1_685' title='bbox 1134 4061 1206 4104; x_wconf 70' lang='lat' dir='ltr'>mem</span> <span class='ocrx_word' id='word_1_686' title='bbox 1219 4057 1284 4103; x_wconf 81' lang='lat' dir='ltr'>sunt</span> <span class='ocrx_word' id='word_1_687' title='bbox 1296 4063 1391 4103; x_wconf 84' lang='lat' dir='ltr'>omnes</span> <span class='ocrx_word' id='word_1_688' title='bbox 1413 4047 1506 4105; x_wconf 78' lang='lat' dir='ltr'>bestie</span> <span class='ocrx_word' id='word_1_689' title='bbox 1520 4050 1609 4118; x_wconf 73' lang='lat' dir='ltr'>silon,</span> <span class='ocrx_word' id='word_1_690' title='bbox 1620 4066 1722 4122; x_wconf 84' lang='lat' dir='ltr'>pecora</span> <span class='ocrx_word' id='word_1_691' title='bbox 1746 4053 1777 4107; x_wconf 89' lang='lat' dir='ltr'>in</span> <span class='ocrx_word' id='word_1_692' title='bbox 1791 4069 1869 4110; x_wconf 88' lang='lat' dir='ltr'>mon-</span> 
     </span>
     <span class='ocr_line' id='line_1_85' title="bbox 1043 4132 1868 4214; baseline 0.015 -27"><span class='ocrx_word' id='word_1_693' title='bbox 1043 4132 1118 4188; x_wconf 82' lang='lat' dir='ltr'>tibus</span> <span class='ocrx_word' id='word_1_694' title='bbox 1131 4136 1159 4189; x_wconf 87' lang='lat' dir='ltr'>et</span> <span class='ocrx_word' id='word_1_695' title='bbox 1174 4133 1269 4199; x_wconf 75' lang='lat' dir='ltr'>boves:</span> <span class='ocrx_word' id='word_1_696' title='bbox 1284 4137 1397 4206; x_wconf 87' lang='lat' dir='ltr'>eoqnoui</span> <span class='ocrx_word' id='word_1_697' title='bbox 1410 4138 1505 4193; x_wconf 88' lang='lat' dir='ltr'>omnia</span> <span class='ocrx_word' id='word_1_698' title='bbox 1528 4137 1659 4195; x_wconf 87' lang='lat' dir='ltr'>volatilia</span> <span class='ocrx_word' id='word_1_699' title='bbox 1672 4139 1744 4207; x_wconf 85' lang='lat' dir='ltr'>coeli,</span> <span class='ocrx_word' id='word_1_700' title='bbox 1760 4150 1786 4196; x_wconf 88' lang='lat' dir='ltr'>et</span> <span class='ocrx_word' id='word_1_701' title='bbox 1808 4158 1868 4214; x_wconf 89' lang='lat' dir='ltr'>spe·</span> 
     </span>
     <span class='ocr_line' id='line_1_86' title="bbox 1042 4223 1868 4295; baseline 0.012 -18"><span class='ocrx_word' id='word_1_702' title='bbox 1042 4223 1097 4278; x_wconf 85' lang='lat' dir='ltr'>cies</span> <span class='ocrx_word' id='word_1_703' title='bbox 1110 4224 1175 4294; x_wconf 86' lang='lat' dir='ltr'>apri</span> <span class='ocrx_word' id='word_1_704' title='bbox 1194 4239 1301 4281; x_wconf 88' lang='lat' dir='ltr'>meeum</span> <span class='ocrx_word' id='word_1_705' title='bbox 1323 4228 1372 4281; x_wconf 87' lang='lat' dir='ltr'>est.</span> <span class='ocrx_word' id='word_1_706' title='bbox 1399 4224 1429 4281; x_wconf 86' lang='lat' dir='ltr'>Si</span> <span class='ocrx_word' id='word_1_707' title='bbox 1451 4228 1585 4295; x_wconf 83' lang='lat' dir='ltr'>esuriero,</span> <span class='ocrx_word' id='word_1_708' title='bbox 1609 4244 1665 4284; x_wconf 89' lang='lat' dir='ltr'>non</span> <span class='ocrx_word' id='word_1_709' title='bbox 1678 4228 1769 4285; x_wconf 64' lang='lat' dir='ltr'>Meam</span> <span class='ocrx_word' id='word_1_710' title='bbox 1791 4230 1868 4288; x_wconf 86' lang='lat' dir='ltr'>tibi:</span> 
     </span>
     <span class='ocr_line' id='line_1_87' title="bbox 1041 4314 1870 4390; baseline 0.013 -24"><span class='ocrx_word' id='word_1_711' title='bbox 1041 4327 1119 4367; x_wconf 80' lang='lat' dir='ltr'>meru</span> <span class='ocrx_word' id='word_1_712' title='bbox 1135 4319 1175 4369; x_wconf 87' lang='lat' dir='ltr'>est</span> <span class='ocrx_word' id='word_1_713' title='bbox 1188 4315 1262 4369; x_wconf 89' lang='lat' dir='ltr'>enim</span> <span class='ocrx_word' id='word_1_714' title='bbox 1276 4314 1349 4370; x_wconf 88' lang='lat' dir='ltr'>erbis</span> <span class='ocrx_word' id='word_1_715' title='bbox 1359 4321 1438 4371; x_wconf 77' lang='lat' dir='ltr'>terre</span> <span class='ocrx_word' id='word_1_716' title='bbox 1447 4324 1473 4371; x_wconf 90' lang='lat' dir='ltr'>et</span> <span class='ocrx_word' id='word_1_717' title='bbox 1487 4316 1629 4388; x_wconf 81' lang='lat' dir='ltr'>plenitudo</span> <span class='ocrx_word' id='word_1_718' title='bbox 1644 4317 1714 4389; x_wconf 83' lang='lat' dir='ltr'>ejus.</span> <span class='ocrx_word' id='word_1_719' title='bbox 1731 4319 1870 4390; x_wconf 83' lang='lat' dir='ltr'>Numquid</span> 
     </span>
     <span class='ocr_line' id='line_1_88' title="bbox 1042 4399 1869 4475; baseline 0.012 -20"><span class='ocrx_word' id='word_1_720' title='bbox 1042 4399 1213 4457; x_wconf 86' lang='lat' dir='ltr'>manducabo</span> <span class='ocrx_word' id='word_1_721' title='bbox 1228 4417 1324 4459; x_wconf 87' lang='lat' dir='ltr'>carnes</span> <span class='ocrx_word' id='word_1_722' title='bbox 1345 4407 1501 4473; x_wconf 86' lang='lat' dir='ltr'>taurorum,</span> <span class='ocrx_word' id='word_1_723' title='bbox 1517 4409 1566 4461; x_wconf 84' lang='lat' dir='ltr'>cut</span> <span class='ocrx_word' id='word_1_724' title='bbox 1590 4408 1754 4475; x_wconf 86' lang='lat' dir='ltr'>sanquinem</span> <span class='ocrx_word' id='word_1_725' title='bbox 1778 4407 1869 4466; x_wconf 87' lang='lat' dir='ltr'>birca·</span> 
     </span>
     <span class='ocr_line' id='line_1_89' title="bbox 1041 4483 1925 4565; baseline 0.014 -21"><span class='ocrx_word' id='word_1_726' title='bbox 1041 4505 1106 4544; x_wconf 89' lang='lat' dir='ltr'>rum</span> <span class='ocrx_word' id='word_1_727' title='bbox 1117 4490 1221 4563; x_wconf 84' lang='lat' dir='ltr'>potabo</span> <span class='ocrx_word' id='word_1_728' title='bbox 1232 4493 1245 4545; x_wconf 82' lang='lat' dir='ltr'>i</span> <span class='ocrx_word' id='word_1_729' title='bbox 1257 4492 1372 4549; x_wconf 89' lang='lat' dir='ltr'>lmmalu</span> <span class='ocrx_word' id='word_1_730' title='bbox 1385 4493 1436 4549; x_wconf 84' lang='lat' dir='ltr'>beo</span> <span class='ocrx_word' id='word_1_731' title='bbox 1450 4496 1619 4565; x_wconf 79' lang='lat' dir='ltr'>sacrificium</span> <span class='ocrx_word' id='word_1_732' title='bbox 1629 4495 1731 4563; x_wconf 83' lang='lat' dir='ltr'>laudis,</span> <span class='ocrx_word' id='word_1_733' title='bbox 1741 4504 1769 4554; x_wconf 87' lang='lat' dir='ltr'>et</span> <span class='ocrx_word' id='word_1_734' title='bbox 1783 4497 1869 4557; x_wconf 75' lang='lat' dir='ltr'>redae</span> <span class='ocrx_word' id='word_1_735' title='bbox 1917 4483 1925 4495; x_wconf 63' lang='grc'>’</span> 
     </span>
     <span class='ocr_line' id='line_1_90' title="bbox 1042 4577 1867 4652; baseline 0.013 -19"><span class='ocrx_word' id='word_1_736' title='bbox 1042 4577 1182 4635; x_wconf 70' lang='lat' dir='ltr'>altissimo</span> <span class='ocrx_word' id='word_1_737' title='bbox 1193 4595 1286 4652; x_wconf 84' lang='lat' dir='ltr'>preces</span> <span class='ocrx_word' id='word_1_738' title='bbox 1299 4587 1364 4637; x_wconf 86' lang='lat' dir='ltr'>tuas</span> <span class='ocrx_word' id='word_1_739' title='bbox 1373 4581 1394 4638; x_wconf 89' lang='lat'>¹.</span> <span class='ocrx_word' id='word_1_740' title='bbox 1418 4583 1452 4638; x_wconf 81' lang='lat' dir='ltr'>m</span> <span class='ocrx_word' id='word_1_741' title='bbox 1468 4585 1564 4639; x_wconf 83' lang='lat' dir='ltr'>invoco</span> <span class='ocrx_word' id='word_1_742' title='bbox 1577 4599 1622 4640; x_wconf 93' lang='lat' dir='ltr'>me</span> <span class='ocrx_word' id='word_1_743' title='bbox 1635 4585 1666 4640; x_wconf 91' lang='lat' dir='ltr'>in</span> <span class='ocrx_word' id='word_1_744' title='bbox 1686 4585 1733 4642; x_wconf 80' lang='lat' dir='ltr'>die</span> <span class='ocrx_word' id='word_1_745' title='bbox 1747 4588 1867 4645; x_wconf 85' lang='lat' dir='ltr'>tribulo-</span> 
     </span>
     <span class='ocr_line' id='line_1_91' title="bbox 1040 4667 1867 4742; baseline 0.013 -20"><span class='ocrx_word' id='word_1_746' title='bbox 1040 4667 1134 4737; x_wconf 85' lang='lat' dir='ltr'>tionis,</span> <span class='ocrx_word' id='word_1_747' title='bbox 1147 4678 1175 4725; x_wconf 87' lang='lat' dir='ltr'>et</span> <span class='ocrx_word' id='word_1_748' title='bbox 1194 4684 1295 4726; x_wconf 86' lang='lat' dir='ltr'>eruam</span> <span class='ocrx_word' id='word_1_749' title='bbox 1308 4677 1345 4737; x_wconf 87' lang='lat' dir='ltr'>te,</span> <span class='ocrx_word' id='word_1_750' title='bbox 1361 4678 1388 4726; x_wconf 88' lang='lat' dir='ltr'>et</span> <span class='ocrx_word' id='word_1_751' title='bbox 1409 4670 1578 4742; x_wconf 72' lang='lat' dir='ltr'>qloritieabis</span> <span class='ocrx_word' id='word_1_752' title='bbox 1591 4688 1643 4729; x_wconf 89' lang='lat' dir='ltr'>me.</span> <span class='ocrx_word' id='word_1_753' title='bbox 1671 4673 1754 4731; x_wconf 85' lang='lat' dir='ltr'>Certe</span> <span class='ocrx_word' id='word_1_754' title='bbox 1776 4676 1867 4732; x_wconf 91' lang='lat' dir='ltr'>ethic</span> 
     </span>
     <span class='ocr_line' id='line_1_92' title="bbox 1040 4756 1868 4831; baseline 0.01 -18"><span class='ocrx_word' id='word_1_755' title='bbox 1040 4756 1252 4813; x_wconf 84' lang='lat' dir='ltr'>sacrificiorum</span> <span class='ocrx_word' id='word_1_756' title='bbox 1284 4763 1416 4814; x_wconf 89' lang='lat' dir='ltr'>veterum</span> <span class='ocrx_word' id='word_1_757' title='bbox 1446 4765 1547 4831; x_wconf 79' lang='lat' dir='ltr'>apertu</span> <span class='ocrx_word' id='word_1_758' title='bbox 1577 4762 1701 4818; x_wconf 86' lang='lat' dir='ltr'>mutatio</span> <span class='ocrx_word' id='word_1_759' title='bbox 1729 4770 1783 4820; x_wconf 90' lang='lat' dir='ltr'>est.</span> <span class='ocrx_word' id='word_1_760' title='bbox 1814 4764 1868 4822; x_wconf 92' lang='lat' dir='ltr'>llla</span> 
     </span>
    </p>
   </div>
   <div class='ocr_carea' id='block_1_7' title="bbox 158 4843 1866 5279">
    <p class='ocr_par' dir='ltr' id='par_1_9' title="bbox 158 4843 1866 5279">
     <span class='ocr_line' id='line_1_93' title="bbox 161 4843 1866 4924; baseline 0.008 -28"><span class='ocrx_word' id='word_1_761' title='bbox 161 4857 293 4897; x_wconf 79' lang='lat' dir='ltr'>nunmms</span> <span class='ocrx_word' id='word_1_762' title='bbox 306 4843 429 4913; x_wconf 67' lang='lat' dir='ltr'>plisnam</span> <span class='ocrx_word' id='word_1_763' title='bbox 442 4845 527 4901; x_wconf 83' lang='lat' dir='ltr'>lsrael</span> <span class='ocrx_word' id='word_1_764' title='bbox 541 4845 612 4901; x_wconf 75' lang='lat' dir='ltr'>siccet</span> <span class='ocrx_word' id='word_1_765' title='bbox 632 4861 720 4902; x_wconf 88' lang='lat' dir='ltr'>arena</span> <span class='ocrx_word' id='word_1_766' title='bbox 741 4849 844 4915; x_wconf 86' lang='lat' dir='ltr'>maris,</span> <span class='ocrx_word' id='word_1_767' title='bbox 859 4850 987 4924; x_wconf 67' lang='lat' dir='ltr'>reliquiae</span> <span class='ocrx_word' id='word_1_768' title='bbox 1039 4845 1118 4901; x_wconf 89' lang='lat' dir='ltr'>enlm</span> <span class='ocrx_word' id='word_1_769' title='bbox 1134 4844 1211 4902; x_wconf 85' lang='lat' dir='ltr'>Deus</span> <span class='ocrx_word' id='word_1_770' title='bbox 1228 4851 1416 4918; x_wconf 84' lang='lat' dir='ltr'>accepturum</span> <span class='ocrx_word' id='word_1_771' title='bbox 1438 4864 1469 4905; x_wconf 90' lang='lat' dir='ltr'>se</span> <span class='ocrx_word' id='word_1_772' title='bbox 1485 4865 1543 4905; x_wconf 92' lang='lat' dir='ltr'>non</span> <span class='ocrx_word' id='word_1_773' title='bbox 1559 4849 1619 4906; x_wconf 85' lang='lat' dir='ltr'>iore</span> <span class='ocrx_word' id='word_1_774' title='bbox 1644 4851 1787 4924; x_wconf 73' lang='lat' dir='ltr'>praedixit,</span> <span class='ocrx_word' id='word_1_775' title='bbox 1803 4854 1866 4910; x_wconf 90' lang='lat' dir='ltr'>cul·</span> 
     </span>
     <span class='ocr_line' id='line_1_94' title="bbox 160 4929 1865 5010; baseline 0.006 -23"><span class='ocrx_word' id='word_1_776' title='bbox 160 4929 244 4987; x_wconf 76' lang='lat' dir='ltr'>salua</span> <span class='ocrx_word' id='word_1_777' title='bbox 258 4931 325 5002; x_wconf 75' lang='lat' dir='ltr'>fient</span> <span class='ocrx_word' id='word_1_778' title='bbox 339 4933 417 4998; x_wconf 89' lang='lat' dir='ltr'>(lsai.</span> <span class='ocrx_word' id='word_1_779' title='bbox 434 4949 463 5002; x_wconf 83' lang='lat' dir='ltr'>x,</span> <span class='ocrx_word' id='word_1_780' title='bbox 485 4934 532 5006; x_wconf 88' lang='grc'>22)</span> <span class='ocrx_word' id='word_1_781' title='bbox 549 4950 556 4989; x_wconf 90' lang='lat'>:</span> <span class='ocrx_word' id='word_1_782' title='bbox 573 4934 622 4990; x_wconf 87' lang='lat' dir='ltr'>sed</span> <span class='ocrx_word' id='word_1_783' title='bbox 640 4949 692 5007; x_wconf 88' lang='lat' dir='ltr'>per</span> <span class='ocrx_word' id='word_1_784' title='bbox 703 4950 770 4991; x_wconf 88' lang='lat' dir='ltr'>oum</span> <span class='ocrx_word' id='word_1_785' title='bbox 786 4937 822 4993; x_wconf 89' lang='lat' dir='ltr'>de</span> <span class='ocrx_word' id='word_1_786' title='bbox 841 4952 899 5010; x_wconf 90' lang='lat' dir='ltr'>quo</span> <span class='ocrx_word' id='word_1_787' title='bbox 915 4939 986 4996; x_wconf 75' lang='lat' dir='ltr'>diei.</span> <span class='ocrx_word' id='word_1_788' title='bbox 1038 4932 1153 4989; x_wconf 88' lang='lat' dir='ltr'>toribus</span> <span class='ocrx_word' id='word_1_789' title='bbox 1167 4933 1231 4990; x_wconf 89' lang='lat' dir='ltr'>suis</span> <span class='ocrx_word' id='word_1_790' title='bbox 1248 4935 1425 5001; x_wconf 83' lang='lat' dir='ltr'>sacrificium</span> <span class='ocrx_word' id='word_1_791' title='bbox 1441 4935 1537 4994; x_wconf 88' lang='lat' dir='ltr'>laudis</span> <span class='ocrx_word' id='word_1_792' title='bbox 1552 4936 1658 4995; x_wconf 86' lang='lat' dir='ltr'>indixit</span> <span class='ocrx_word' id='word_1_793' title='bbox 1673 4958 1683 4995; x_wconf 90' lang='grc'>.·</span> <span class='ocrx_word' id='word_1_794' title='bbox 1697 4945 1726 4996; x_wconf 90' lang='lat' dir='ltr'>ct</span> <span class='ocrx_word' id='word_1_795' title='bbox 1737 4940 1792 4997; x_wconf 88' lang='lat' dir='ltr'>hoc</span> <span class='ocrx_word' id='word_1_796' title='bbox 1808 4958 1865 4998; x_wconf 89' lang='lat' dir='ltr'>non</span> 
     </span>
     <span class='ocr_line' id='line_1_95' title="bbox 160 5021 1865 5104; baseline 0.007 -30"><span class='ocrx_word' id='word_1_797' title='bbox 160 5021 219 5089; x_wconf 87' lang='lat' dir='ltr'>tur,</span> <span class='ocrx_word' id='word_1_798' title='bbox 235 5027 260 5075; x_wconf 88' lang='lat' dir='ltr'>et</span> <span class='ocrx_word' id='word_1_799' title='bbox 274 5036 357 5092; x_wconf 84' lang='lat' dir='ltr'>super</span> <span class='ocrx_word' id='word_1_800' title='bbox 370 5021 474 5077; x_wconf 77' lang='lat' dir='ltr'>Filium</span> <span class='ocrx_word' id='word_1_801' title='bbox 490 5023 622 5091; x_wconf 67' lang='lat' dir='ltr'>bamineb,</span> <span class='ocrx_word' id='word_1_802' title='bbox 638 5037 717 5096; x_wconf 88' lang='lat' dir='ltr'>quem</span> <span class='ocrx_word' id='word_1_803' title='bbox 732 5026 905 5097; x_wconf 79' lang='lat' dir='ltr'>confirmasti</span> <span class='ocrx_word' id='word_1_804' title='bbox 917 5029 985 5093; x_wconf 86' lang='lat' dir='ltr'>iibi,·</span> <span class='ocrx_word' id='word_1_805' title='bbox 1039 5024 1117 5094; x_wconf 83' lang='lat' dir='ltr'>quod</span> <span class='ocrx_word' id='word_1_806' title='bbox 1137 5022 1253 5080; x_wconf 86' lang='lat' dir='ltr'>anobis</span> <span class='ocrx_word' id='word_1_807' title='bbox 1277 5027 1420 5097; x_wconf 85' lang='lat' dir='ltr'>tanquam</span> <span class='ocrx_word' id='word_1_808' title='bbox 1436 5025 1571 5100; x_wconf 81' lang='lat' dir='ltr'>indigens</span> <span class='ocrx_word' id='word_1_809' title='bbox 1595 5032 1711 5101; x_wconf 84' lang='lat' dir='ltr'>expelat</span> <span class='ocrx_word' id='word_1_810' title='bbox 1735 5027 1865 5104; x_wconf 89' lang='lat' dir='ltr'>laudem,</span> 
     </span>
     <span class='ocr_line' id='line_1_96' title="bbox 159 5109 1865 5186; baseline 0.008 -24"><span class='ocrx_word' id='word_1_811' title='bbox 159 5113 188 5163; x_wconf 85' lang='lat' dir='ltr'>et</span> <span class='ocrx_word' id='word_1_812' title='bbox 203 5109 238 5163; x_wconf 84' lang='lat' dir='ltr'>ds</span> <span class='ocrx_word' id='word_1_813' title='bbox 254 5125 311 5180; x_wconf 91' lang='lat' dir='ltr'>quo</span> <span class='ocrx_word' id='word_1_814' title='bbox 335 5109 485 5182; x_wconf 85' lang='lat' dir='ltr'>repetitur,</span> <span class='ocrx_word' id='word_1_815' title='bbox 502 5111 562 5167; x_wconf 77' lang='lat' dir='ltr'>liat</span> <span class='ocrx_word' id='word_1_816' title='bbox 586 5127 685 5168; x_wconf 80' lang='lat' dir='ltr'>mances</span> <span class='ocrx_word' id='word_1_817' title='bbox 708 5120 763 5169; x_wconf 86' lang='lat' dir='ltr'>tua</span> <span class='ocrx_word' id='word_1_818' title='bbox 785 5129 869 5186; x_wconf 88' lang='lat' dir='ltr'>super</span> <span class='ocrx_word' id='word_1_819' title='bbox 890 5118 986 5174; x_wconf 78' lang='lat' dir='ltr'>ciram</span> <span class='ocrx_word' id='word_1_820' title='bbox 1039 5110 1090 5167; x_wconf 90' lang='lat' dir='ltr'>sed</span> <span class='ocrx_word' id='word_1_821' title='bbox 1119 5115 1151 5167; x_wconf 85' lang='lat' dir='ltr'>ut</span> <span class='ocrx_word' id='word_1_822' title='bbox 1174 5112 1204 5168; x_wconf 92' lang='lat' dir='ltr'>in</span> <span class='ocrx_word' id='word_1_823' title='bbox 1233 5128 1268 5168; x_wconf 86' lang='lat' dir='ltr'>ea</span> <span class='ocrx_word' id='word_1_824' title='bbox 1295 5113 1381 5170; x_wconf 89' lang='lat' dir='ltr'>nabis</span> <span class='ocrx_word' id='word_1_825' title='bbox 1406 5114 1542 5172; x_wconf 86' lang='lat' dir='ltr'>consulat</span> <span class='ocrx_word' id='word_1_826' title='bbox 1567 5116 1604 5172; x_wconf 90' lang='lat' dir='ltr'>ad</span> <span class='ocrx_word' id='word_1_827' title='bbox 1629 5115 1766 5174; x_wconf 86' lang='lat' dir='ltr'>salutem.</span> <span class='ocrx_word' id='word_1_828' title='bbox 1791 5117 1865 5175; x_wconf 88' lang='lat' dir='ltr'>Nam</span> 
     </span>
     <span class='ocr_line' id='line_1_97' title="bbox 158 5193 1866 5279; baseline 0.008 -28"><span class='ocrx_word' id='word_1_829' title='bbox 158 5193 357 5264; x_wconf 70' lang='lat' dir='ltr'>menenius,</span> <span class='ocrx_word' id='word_1_830' title='bbox 373 5203 401 5254; x_wconf 88' lang='lat' dir='ltr'>et</span> <span class='ocrx_word' id='word_1_831' title='bbox 419 5199 621 5270; x_wconf 73' lang='lat' dir='ltr'>superdilium</span> <span class='ocrx_word' id='word_1_832' title='bbox 636 5199 767 5269; x_wconf 86' lang='lat' dir='ltr'>bominis,</span> <span class='ocrx_word' id='word_1_833' title='bbox 789 5206 983 5276; x_wconf 76' lang='lat' dir='ltr'>quemcunqir-</span> <span class='ocrx_word' id='word_1_834' title='bbox 1037 5199 1174 5256; x_wconf 82' lang='lat' dir='ltr'>eumdem</span> <span class='ocrx_word' id='word_1_835' title='bbox 1211 5199 1360 5274; x_wconf 86' lang='lat' dir='ltr'>psalmum</span> <span class='ocrx_word' id='word_1_836' title='bbox 1400 5201 1442 5259; x_wconf 87' lang='lat' dir='ltr'>ita</span> <span class='ocrx_word' id='word_1_837' title='bbox 1477 5204 1624 5260; x_wconf 89' lang='lat' dir='ltr'>conclusit</span> <span class='ocrx_word' id='word_1_838' title='bbox 1653 5221 1660 5261; x_wconf 74' lang='grc' dir='ltr'>ε</span> <span class='ocrx_word' id='word_1_839' title='bbox 1692 5206 1866 5279; x_wconf 72' lang='lat' dir='ltr'>Sacrificium</span> 
     </span>
    </p>
   </div>
   <div class='ocr_carea' id='block_1_8' title="bbox 157 5286 1864 5412">
    <p class='ocr_par' dir='ltr' id='par_1_10' title="bbox 157 5286 1864 5412">
     <span class='ocr_line' id='line_1_98' title="bbox 157 5286 1864 5412; baseline 0.007 -35"><span class='ocrx_word' id='word_1_840' title='bbox 157 5286 312 5342; x_wconf 52' lang='lat' dir='ltr'>munbi·</span> <span class='ocrx_word' id='word_1_841' title='bbox 338 5289 370 5343; x_wconf 49' lang='lat' dir='ltr'>Et</span> <span class='ocrx_word' id='word_1_842' title='bbox 387 5303 441 5344; x_wconf 62' lang='lat'><em>&#39;&#39;⁰&#39;&#39;</em></span> <span class='ocrx_word' id='word_1_843' title='bbox 456 5288 622 5345; x_wconf 49' lang='lat' dir='ltr'>mmmm</span> <span class='ocrx_word' id='word_1_844' title='bbox 635 5304 653 5343; x_wconf 74' lang='lat'><strong>⁰</strong></span> <span class='ocrx_word' id='word_1_845' title='bbox 667 5292 703 5344; x_wconf 50' lang='grc' dir='ltr'>ω’</span> <span class='ocrx_word' id='word_1_846' title='bbox 721 5293 772 5346; x_wconf 53' lang='lat'>⁹⁶³</span> <span class='ocrx_word' id='word_1_847' title='bbox 792 5290 871 5347; x_wconf 57' lang='grc' dir='ltr'>ΜΟ</span> <span class='ocrx_word' id='word_1_848' title='bbox 889 5291 983 5352; x_wconf 69' lang='lat' dir='ltr'>mlum</span> <span class='ocrx_word' id='word_1_849' title='bbox 1070 5331 1171 5391; x_wconf 81' lang='lat' dir='ltr'>¹liditi,</span> <span class='ocrx_word' id='word_1_850' title='bbox 1184 5331 1212 5382; x_wconf 88' lang='lat' dir='ltr'>in</span> <span class='ocrx_word' id='word_1_851' title='bbox 1232 5331 1362 5384; x_wconf 74' lang='lat' dir='ltr'>Christum</span> <span class='ocrx_word' id='word_1_852' title='bbox 1385 5332 1535 5397; x_wconf 85' lang='lat' dir='ltr'>Dominum,</span> <span class='ocrx_word' id='word_1_853' title='bbox 1561 5341 1639 5388; x_wconf 84' lang='lat' dir='ltr'>retus</span> <span class='ocrx_word' id='word_1_854' title='bbox 1661 5338 1745 5412; x_wconf 77' lang='lat' dir='ltr'>eodqx</span> <span class='ocrx_word' id='word_1_855' title='bbox 1769 5338 1864 5390; x_wconf 71' lang='lat' dir='ltr'>cister</span> 
     </span>
    </p>
   </div>
   <div class='ocr_carea' id='block_1_9' title="bbox 159 5371 1864 5540">
    <p class='ocr_par' dir='ltr' id='par_1_11' title="bbox 159 5371 1864 5540">
     <span class='ocr_line' id='line_1_99' title="bbox 159 5371 1864 5465; baseline 0.013 -38"><span class='ocrx_word' id='word_1_856' title='bbox 159 5371 299 5442; x_wconf 87' lang='lat' dir='ltr'>hominis,</span> <span class='ocrx_word' id='word_1_857' title='bbox 316 5375 344 5431; x_wconf 92' lang='lat' dir='ltr'>id</span> <span class='ocrx_word' id='word_1_858' title='bbox 368 5376 576 5434; x_wconf 85' lang='lat' dir='ltr'>estChristum</span> <span class='ocrx_word' id='word_1_859' title='bbox 600 5379 759 5445; x_wconf 73' lang='lat' dir='ltr'>desumet</span> <span class='ocrx_word' id='word_1_860' title='bbox 782 5379 894 5438; x_wconf 88' lang='lat' dir='ltr'>desuis</span> <span class='ocrx_word' id='word_1_861' title='bbox 919 5382 983 5440; x_wconf 89' lang='lat' dir='ltr'>reli·</span> <span class='ocrx_word' id='word_1_862' title='bbox 1037 5394 1140 5455; x_wconf 81' lang='lat' dir='ltr'>elensis,</span> <span class='ocrx_word' id='word_1_863' title='bbox 1171 5395 1199 5444; x_wconf 77' lang='lat' dir='ltr'>in</span> <span class='ocrx_word' id='word_1_864' title='bbox 1227 5393 1358 5448; x_wconf 75' lang='lat' dir='ltr'>obruam</span> <span class='ocrx_word' id='word_1_865' title='bbox 1386 5396 1501 5449; x_wconf 73' lang='lat' dir='ltr'>Damasi.</span> <span class='ocrx_word' id='word_1_866' title='bbox 1520 5398 1573 5450; x_wconf 79' lang='lat' dir='ltr'>nui</span> <span class='ocrx_word' id='word_1_867' title='bbox 1597 5401 1721 5465; x_wconf 77' lang='lat' dir='ltr'>plerique</span> <span class='ocrx_word' id='word_1_868' title='bbox 1740 5402 1814 5463; x_wconf 67' lang='lat' dir='ltr'>Usa,</span> <span class='ocrx_word' id='word_1_869' title='bbox 1838 5402 1864 5452; x_wconf 81' lang='lat' dir='ltr'>r&#39;n</span> 
     </span>
     <span class='ocr_line' id='line_1_100' title="bbox 161 5455 1274 5540; baseline -0.012 -5"><span class='ocrx_word' id='word_1_870' title='bbox 161 5461 239 5534; x_wconf 77' lang='lat' dir='ltr'>(luis,</span> <span class='ocrx_word' id='word_1_871' title='bbox 256 5460 311 5518; x_wconf 85' lang='lat' dir='ltr'>lroc</span> <span class='ocrx_word' id='word_1_872' title='bbox 326 5467 370 5519; x_wconf 86' lang='lat' dir='ltr'>est</span> <span class='ocrx_word' id='word_1_873' title='bbox 384 5466 540 5538; x_wconf 71' lang='lat' dir='ltr'>apostolis,</span> <span class='ocrx_word' id='word_1_874' title='bbox 555 5470 585 5522; x_wconf 89' lang='lat' dir='ltr'>ct</span> <span class='ocrx_word' id='word_1_875' title='bbox 608 5464 675 5522; x_wconf 90' lang='lat' dir='ltr'>aliis</span> <span class='ocrx_word' id='word_1_876' title='bbox 690 5464 802 5539; x_wconf 89' lang='lat' dir='ltr'>multis,</span> <span class='ocrx_word' id='word_1_877' title='bbox 817 5469 867 5540; x_wconf 93' lang='lat' dir='ltr'>qui</span> <span class='ocrx_word' id='word_1_878' title='bbox 890 5485 925 5528; x_wconf 85' lang='lat' dir='ltr'>ex</span> <span class='ocrx_word' id='word_1_879' title='bbox 938 5471 981 5530; x_wconf 87' lang='lat' dir='ltr'>Is·</span> <span class='ocrx_word' id='word_1_880' title='bbox 1038 5455 1167 5506; x_wconf 68' lang='lat' dir='ltr'>cirinum</span> <span class='ocrx_word' id='word_1_881' title='bbox 1181 5457 1274 5507; x_wconf 81' lang='lat' dir='ltr'>Deum.</span> 
     </span>
    </p>
   </div>
   <div class='ocr_carea' id='block_1_10' title="bbox 192 5519 1863 5716">
    <p class='ocr_par' dir='ltr' id='par_1_12' title="bbox 192 5519 1863 5716">
     <span class='ocr_line' id='line_1_101' title="bbox 258 5519 1863 5584; baseline 0.004 -14"><span class='ocrx_word' id='word_1_882' title='bbox 258 5566 284 5579; x_wconf 88' lang='grc'>,,</span> <span class='ocrx_word' id='word_1_883' title='bbox 618 5572 623 5584; x_wconf 65' lang='grc'>,</span> <span class='ocrx_word' id='word_1_884' title='bbox 1066 5520 1231 5570; x_wconf 74' lang='lat' dir='ltr'>⁸tlsbebsut</span> <span class='ocrx_word' id='word_1_885' title='bbox 1244 5519 1519 5580; x_wconf 56' lang='lat' dir='ltr'>calumniarentur</span> <span class='ocrx_word' id='word_1_886' title='bbox 1533 5527 1638 5574; x_wconf 79' lang='lat' dir='ltr'>vetem</span> <span class='ocrx_word' id='word_1_887' title='bbox 1652 5523 1863 5576; x_wconf 75' lang='lat' dir='ltr'>mdiessomnes</span> 
     </span>
     <span class='ocr_line' id='line_1_102' title="bbox 192 5565 1860 5716; baseline 0.013 -100"><span class='ocrx_word' id='word_1_888' title='bbox 192 5565 294 5627; x_wconf 78' lang='lat' dir='ltr'>¹Ed1u,</span> <span class='ocrx_word' id='word_1_889' title='bbox 309 5568 445 5619; x_wconf 79' lang='lat' dir='ltr'>adversum</span> <span class='ocrx_word' id='word_1_890' title='bbox 459 5569 744 5638; x_wconf 76' lang='lat' dir='ltr'>lsraelcorrsgeudum</span> <span class='ocrx_word' id='word_1_891' title='bbox 759 5574 929 5655; x_wconf 79' lang='lat' dir='ltr'>arbitramur,</span> <span class='ocrx_word' id='word_1_892' title='bbox 945 5577 983 5629; x_wconf 79' lang='lat' dir='ltr'>ad</span> <span class='ocrx_word' id='word_1_893' title='bbox 1034 5579 1142 5639; x_wconf 65' lang='lat' dir='ltr'>bellent.</span> <span class='ocrx_word' id='word_1_894' title='bbox 1156 5596 1244 5645; x_wconf 83' lang='lat' dir='ltr'>preces</span> <span class='ocrx_word' id='word_1_895' title='bbox 1257 5584 1379 5634; x_wconf 75' lang='lat' dir='ltr'>moereb</span> <span class='ocrx_word' id='word_1_896' title='bbox 1391 5583 1431 5633; x_wconf 89' lang='lat' dir='ltr'>sic</span> <span class='ocrx_word' id='word_1_897' title='bbox 1452 5583 1618 5649; x_wconf 74' lang='lat' dir='ltr'>Augustinus</span> <span class='ocrx_word' id='word_1_898' title='bbox 1628 5587 1700 5716; x_wconf 53' lang='lat' dir='ltr'>iffi:</span> <span class='ocrx_word' id='word_1_899' title='bbox 1721 5588 1816 5638; x_wconf 78' lang='lat' dir='ltr'>Ram.</span> <span class='ocrx_word' id='word_1_900' title='bbox 1831 5588 1860 5638; x_wconf 89' lang='lat' dir='ltr'>in</span> 
     </span>
    </p>
   </div>
   <div class='ocr_carea' id='block_1_11' title="bbox 159 5629 1861 5760">
    <p class='ocr_par' dir='ltr' id='par_1_13' title="bbox 159 5629 1861 5760">
     <span class='ocr_line' id='line_1_103' title="bbox 159 5629 1861 5714; baseline 0.014 -37"><span class='ocrx_word' id='word_1_901' title='bbox 159 5641 248 5679; x_wconf 80' lang='lat' dir='ltr'>serum</span> <span class='ocrx_word' id='word_1_902' title='bbox 261 5629 350 5704; x_wconf 71' lang='lat' dir='ltr'>lsrael.</span> <span class='ocrx_word' id='word_1_903' title='bbox 390 5693 395 5704; x_wconf 30' lang='grc' dir='ltr'>ι</span> <span class='ocrx_word' id='word_1_904' title='bbox 1033 5644 1157 5696; x_wconf 84' lang='lat' dir='ltr'>eumdem</span> <span class='ocrx_word' id='word_1_905' title='bbox 1171 5643 1302 5708; x_wconf 73' lang='lat' dir='ltr'>psalmum</span> <span class='ocrx_word' id='word_1_906' title='bbox 1316 5647 1357 5697; x_wconf 77' lang='lat' dir='ltr'>tu.</span> <span class='ocrx_word' id='word_1_907' title='bbox 1370 5645 1461 5699; x_wconf 72' lang='lat' dir='ltr'>Gneo</span> <span class='ocrx_word' id='word_1_908' title='bbox 1475 5651 1517 5700; x_wconf 76' lang='lat' dir='ltr'>cst</span> <span class='ocrx_word' id='word_1_909' title='bbox 1534 5650 1607 5714; x_wconf 79' lang='lat' dir='ltr'>apud</span> <span class='ocrx_word' id='word_1_910' title='bbox 1714 5652 1755 5705; x_wconf 75' lang='lat' dir='ltr'>ias</span> <span class='ocrx_word' id='word_1_911' title='bbox 1765 5651 1861 5705; x_wconf 69' lang='lat' dir='ltr'>ombus</span> 
     </span>
     <span class='ocr_line' id='line_1_104' title="bbox 191 5691 1088 5760; baseline 0.017 -18"><span class='ocrx_word' id='word_1_912' title='bbox 191 5691 854 5760; x_wconf 75' lang='lat' dir='ltr'>¹1suu‚ereuuerem.ltsuusltu.,etetuttaten</span> <span class='ocrx_word' id='word_1_913' title='bbox 1032 5718 1088 5757; x_wconf 81' lang='lat' dir='ltr'>mu.</span> 
     </span>
    </p>
   </div>
   <div class='ocr_carea' id='block_1_12' title="bbox 0 0 1958 6128">
    <p class='ocr_par' dir='ltr' id='par_1_14' title="bbox 0 0 1958 6128">
     <span class='ocr_line' id='line_1_105' title="bbox 0 0 1958 6128; baseline 0 3"><span class='ocrx_word' id='word_1_914' title='bbox 0 0 1958 6128; x_wconf 95' lang='lat' dir='ltr'> </span> 
     </span>
    </p>
   </div>
  </div>
 </body>
</html>
