3908 6128
114 310 172 372 975
673 306 724 367 DE
745 304 968 378 dalaima,
994 307 1026 366 S.
1045 306 1259 370 AUGUSTlNl
1762 306 1820 367 atu

115 440 281 509 amabatur,
292 453 381 510 quam
392 435 448 492 sibi
460 435 577 493 animus
588 436 718 493 formans
729 435 864 494 exhibere
874 452 943 492 con·
997 437 1171 506 amatlllud,
1182 438 1388 512 propterquod
1409 437 1515 512 querit
1532 435 1678 511 ignotum.
1700 434 1757 494 Sed
1772 450 1822 493 cnr

115 533 257 587 sueverat.
278 525 307 582 Si
333 530 431 582 autem
456 525 499 580 illi
524 526 623 582 forme
648 525 774 583 similem
799 525 944 583 invenerit
997 524 1822 600 memoriabaatitudiuissuapotuit,etmemoriaeuicnm

117 634 206 691 quam
223 616 302 671 lame
317 615 534 687 predicaverat,
557 616 605 672 cui
627 632 693 673 vere
717 616 812 689 possit
837 615 943 681 dicere.
996 631 1031 672 ea
1046 619 1204 689 perdurare
1219 634 1277 675 non
1293 619 1398 691 potuit,
1409 622 1442 673 ut
1453 622 1511 674 tam
1523 632 1555 674 se
1570 619 1673 673 nosset
1688 632 1754 689 quse
1764 614 1824 672 uult

117 709 182 763 lam
198 710 226 761 te
242 704 377 760 amabam
391 722 398 773 ;
411 720 463 759 nec
478 709 549 759 tuuc
564 704 667 777 utique
681 705 800 761 amabat
812 703 944 777 incogni·
998 707 1155 778 pervenire,
1168 725 1257 780 quam
1269 706 1429 764 novitillud
1445 722 1503 779 quo
1513 705 1576 762 vult
1590 705 1769 778 pervenire?
1781 708 1823 762 Aa

118 800 192 864 tam,
203 810 293 866 quam
304 794 333 849 in
344 793 392 849 illa
401 793 733 851 similitudinenoverut.
744 793 838 850 Autin
849 793 945 866 specie
998 810 1065 851 cnm
1077 812 1108 852 sa
1119 813 1204 854 nosse
1215 801 1305 864 umet,
1316 813 1373 853 uon
1385 812 1416 852 se
1426 813 1515 869 quam
1527 794 1661 853 nondum
1673 793 1825 865 uouit,eed

120 883 303 956 sempiterna
330 883 453 938 rationis
476 882 611 941 videmus
635 883 746 956 aliquid
767 887 795 939 et
811 882 849 938 ibi
865 899 945 940 ama·
998 884 1097 957 ipsum
1124 903 1211 944 nosse
1237 891 1334 958 amat3
1352 886 1546 957 acerbiusque
1561 884 1669 941 tolerat
1685 899 1719 940 ee
1734 883 1826 955 ipsam

121 990 199 1044 mus,
212 972 371 1045 quodcum
386 988 557 1043 expressum
568 972 598 1028 in
612 972 711 1044 aliqua
723 972 765 1028 rei
777 972 946 1045 temporalis
999 973 1100 1031 deesse
1107 975 1235 1031 scientia
1242 990 1377 1047 sumque
1384 968 1828 1043 vnltcunctacomprebenderel

120 1061 227 1135 astigia,
242 1061 301 1117 illis
317 1060 366 1133 qui
382 1061 492 1134 experti
512 1067 583 1117 sunt
605 1060 795 1118 laudantibus
810 1066 838 1118 et
850 1061 947 1118 credi·
998 1061 1082 1120 Novit
1093 1068 1191 1120 eutem
1206 1062 1275 1138 quid
1287 1063 1327 1119 eit
1337 1078 1433 1133 nossa,
1450 1065 1479 1119 et
1492 1061 1564 1116 dum
1579 1058 1635 1116 hoc
1651 1062 1737 1114 amat
1751 1056 1828 1129 quod

121 1167 199 1220 mus,
215 1155 246 1206 et
255 1167 402 1218 amamus,
415 1166 473 1205 non
484 1149 595 1222 aliquid
608 1167 741 1208 amamus
753 1151 946 1224 incognitum,
999 1153 1089 1221 novit,
1101 1154 1189 1210 etiam
1201 1169 1233 1210 se
1243 1151 1325 1225 cupit
1334 1167 1431 1209 nosse.
1444 1149 1497 1207 Ubi
1505 1163 1575 1222 ergo
1584 1162 1674 1204 nosse
1682 1161 1770 1203 suum
1781 1161 1829 1203 no·

121 1240 200 1297 unde
210 1240 273 1312 jam
289 1256 381 1312 supra
396 1239 469 1296 satis
485 1238 700 1297 disseruimus:
716 1244 767 1296 aut
775 1239 886 1311 aliquid
898 1256 948 1297 no-
998 1242 1050 1307 vit,
1060 1241 1189 1299 sisenon
1201 1241 1301 1298 novit‘l
1313 1241 1386 1297 Nam
1397 1238 1566 1311 novitquod
1581 1235 1638 1293 alia
1659 1234 1785 1303 noverit,
1798 1248 1829 1291 se

121 1335 186 1387 tum
200 1345 346 1398 amamus,
363 1329 575 1402 propterquod
591 1330 725 1401 ignotum
741 1329 852 1401 aliquid
867 1345 946 1401 que·
1000 1326 1671 1399 eutemnounoveritihincenimnoviletquid
1681 1325 1828 1383 sitnoese.

121 1419 235 1475 rimus:
252 1419 338 1489 cujus
353 1417 443 1488 ignoti
467 1433 550 1473 emor
574 1434 760 1490 nequaquam
784 1434 838 1474 nos
857 1421 945 1487 tenet,
999 1419 1060 1484 Ouo
1076 1425 1160 1493 paeto
1183 1420 1275 1495 igitur
1296 1436 1328 1477 se
1349 1417 1462 1491 aliquid
1479 1415 1620 1473 solantem
1634 1414 1703 1471 scit.
1720 1430 1786 1486 que
1799 1429 1830 1472 ee

121 1508 173 1565 sed
189 1507 269 1563 illius
284 1506 407 1580 cogniti,
422 1522 481 1579 quo
496 1506 640 1579 pertinere
666 1507 809 1574 novimus,
827 1512 859 1563 ut
874 1506 947 1565 illud
999 1509 1095 1583 ipsam
1104 1510 1216 1566 nescit?
1227 1510 1327 1582 Neque
1334 1507 1680 1565 enimalteremmentem
1687 1503 1828 1561 scientem

122 1598 211 1654 etiam
228 1596 306 1669 quod
321 1596 418 1651 adbuc
432 1595 565 1668 ignotum
576 1595 748 1668 querimus,
759 1596 947 1669 noverimus3
1000 1598 1066 1670 scit,
1078 1598 1129 1654 sed
1141 1615 1173 1655 se
1185 1598 1291 1671 ipsam.
1303 1597 1364 1655 Scit
1373 1594 1464 1670 igitur
1474 1612 1505 1652 se
1516 1593 1622 1665 ipsam.
1634 1592 1748 1649 Deinde
1763 1608 1828 1649 cnm

123 1687 199 1743 sicut
213 1686 249 1741 de
263 1684 410 1757 incognito
424 1683 511 1740 verbo
535 1684 621 1755 paulo
645 1690 712 1741 ante
737 1684 854 1742 locutus
868 1701 946 1742 sum.
1001 1703 1032 1743 se
1047 1687 1150 1759 querit
1166 1692 1198 1743 ut
1211 1686 1332 1759 noverit,
1347 1688 1527 1759 querentem
1542 1699 1574 1739 se
1583 1684 1650 1754 jam
1661 1681 1756 1738 norit.
1766 1680 1829 1737 Jam

122 1776 181 1831 Aut
194 1775 293 1847 ipsum
307 1773 381 1829 scire
395 1772 521 1845 quisque
534 1777 622 1846 amat,
635 1773 714 1846 quod
724 1773 796 1829 nulli
807 1774 882 1830 scire
892 1773 948 1830 ali·
1000 1792 1032 1832 se
1042 1791 1110 1848 ergo
1121 1775 1210 1831 novit.
1224 1775 1473 1849 Quapropternon
1483 1768 1707 1844 putcstomninc
1716 1770 1828 1827 nescire

125 1863 196 1937 quid
212 1862 340 1934 cupienti
355 1877 419 1918 esse
441 1861 621 1933 incognitum
646 1868 751 1934 potest.
778 1862 828 1919 uis
851 1862 948 1920 causis
1001 1881 1042 1932 se,
1054 1865 1197 1937 quadum
1207 1880 1238 1921 se
1246 1863 1427 1921 nescientem
1436 1861 1502 1925 ecit,
1511 1877 1542 1917 se
1550 1859 1654 1933 utiquc
1662 1858 1829 1916 scitsiuu·

124 1953 260 2008 videntur
273 1967 373 2008 amere
387 1951 544 2023 incognita,
561 1951 612 2024 qui
627 1950 701 2007 scire
721 1951 831 2025 aliquid
847 1952 949 2010 volunt
1000 1958 1060 2009 tom
1067 1970 1098 2009 se
1106 1953 1284 2010 nescientem
1291 1947 1828 2023 nesciat,uonsequeritutaciat.0ua·

125 2042 202 2116 quod
214 2041 358 2109 nesciunt,
370 2046 398 2096 ot
408 2044 526 2113 propter
533 2041 728 2098 ardentiorem
738 2042 887 2114 querendi
896 2059 948 2116 ap·
1001 2046 1120 2115 propter
1130 2059 1163 2098 eo
1174 2042 1239 2114 ipso
1250 2058 1308 2114 quo
1319 2058 1352 2098 se
1366 2040 1481 2114 querit,
1497 2038 1638 2112 mugisse
1652 2037 1712 2095 sibi
1729 2042 1828 2096 noum

124 2131 256 2205 potitium
266 2129 573 2186 sineamoreessedici
582 2147 640 2186 non
650 2135 783 2203 possunt.
792 2130 848 2187 Sed
858 2147 947 2203 quam
1001 2148 1090 2204 quam
1103 2131 1232 2205 ignotam
1243 2147 1308 2188 esse
1318 2130 1508 2187 convincitur.
1519 2126 1691 2184 Novitenim
1703 2143 1739 2184 ee
1748 2142 1829 2200 qua·

123 2236 155 2276 sa
168 2235 214 2275 res
230 2217 315 2274 aliter
329 2217 444 2290 habeat,
456 2234 551 2290 neque
561 2218 681 2275 omniuo
693 2220 856 2292 quidquam
868 2235 947 2276 ame·
1001 2226 1114 2277 rentem
1123 2226 1210 2292 atque
1223 2221 1412 2287 nescientem,
1423 2218 1494 2276 dum
1505 2232 1537 2273 sc
1547 2216 1693 2290 queritat
1703 2215 1828 2272 noverit.

121 2315 171 2365 tur
186 2306 378 2380 incognitum,
392 2307 519 2363 arbitror
533 2323 580 2363 me
595 2308 779 2378 persuasisse
794 2307 949 2364 vsrumdi-
1037 2309 1150 2367 CAPUT
1163 2309 1207 2365 lV.
1219 2310 1292 2366 -6.
1302 2307 1441 2381 Quomodo
1459 2322 1534 2363 meu
1553 2321 1657 2362 conec
1673 2308 1769 2377 perte,
1784 2305 1829 2361 aed

121 2396 246 2470 ligenter
258 2395 455 2452 intuentibus.
480 2395 537 2451 Sed
553 2396 621 2467 quia
642 2396 852 2469 exemplaque
868 2396 947 2453 dedi·
1001 2404 1083 2456 totum
1093 2415 1122 2456 ae
1135 2402 1285 2471 coquerent.
1300 2398 1375 2466 Quid
1390 2413 1459 2470 ergo
1475 2392 1632 2452 dicemus?
1646 2411 1684 2450 en
1700 2395 1782 2467 quod
1795 2410 1829 2451 ex

123 2502 202 2552 mus,
217 2501 320 2542 eorum
335 2488 415 2551 sunt,
429 2485 480 2557 qui
496 2483 607 2557 aliquid
623 2486 701 2557 quod
724 2484 780 2558 ipsi
805 2501 863 2541 non
879 2488 950 2541 sunt
1001 2494 1084 2562 parte
1097 2505 1128 2545 se
1139 2489 1228 2555 novit,
1240 2505 1275 2544 ex
1293 2492 1444 2561 pertenon
1466 2484 1568 2542 unvit‘t
1586 2482 1643 2540 Sed
1662 2483 1827 2541 absurdum

123 2590 210 2632 nose
218 2573 340 2647 cupiunt
349 2592 356 2644 ;
365 2574 523 2631 videndum
533 2578 621 2631 estne
630 2574 703 2630 lorte
711 2573 830 2647 aliquod
840 2590 948 2631 novum
1001 2582 1045 2633 ast
1055 2577 1161 2647 dicere,
1176 2592 1234 2633 non
1245 2593 1310 2634 cem
1320 2580 1412 2632 totam
1423 2574 1497 2631 sciro
1508 2574 1584 2647 quod
1595 2572 1662 2631 scit.
1675 2572 1741 2631 Non
1753 2573 1826 2641 dico,

123 2680 216 2737 genus
230 2668 379 2737 appareat,
389 2679 457 2720 cum
470 2679 502 2721 se
515 2662 581 2737 ipsa
593 2679 677 2718 mena
692 2679 779 2720 nosse
790 2663 946 2720 desiderat.
1000 2666 1106 2722 Totum
1122 2666 1195 2735 soit;
1215 2665 1266 2722 sed
1282 2665 1360 2737 quod
1375 2662 1442 2734 soit,
1468 2668 1528 2719 tota
1548 2661 1614 2719 seit.
1639 2665 1714 2718 cum
1729 2662 1826 2735 itaque

159 2753 272 2810 CAPUT
287 2754 337 2809 lll.
354 2784 387 2795 -
398 2754 426 2811 5.
444 2752 521 2822 Quod
531 2758 731 2809 menscrnetsc
741 2754 947 2825 ipsemecum·
1000 2754 1111 2827 aliquid
1126 2754 1163 2810 de
1178 2770 1208 2810 ee
1223 2753 1289 2822 scit,
1305 2753 1382 2827 quod
1397 2751 1453 2809 nisi
1469 2756 1530 2807 tote
1544 2767 1602 2807 non
1614 2754 1723 2824 potest,
1735 2753 1824 2807 tcum

123 2845 262 2915 copiatum
271 2844 334 2899 sibi.
345 2842 418 2910 Ouid
427 2858 496 2916 ergo
505 2846 687 2908 amatmens,
697 2842 909 2898 cumurdcnter
917 2856 949 2898 se
1001 2860 1033 2899 ee
1043 2843 1126 2900 scit¹.
1139 2843 1200 2899 Scit
1213 2851 1310 2899 eutem
1327 2858 1358 2899 se
1370 2841 1481 2915 aliquid
1495 2840 1649 2911 scientem,
1664 2856 1719 2897 nac
1735 2844 1828 2907 potest

123 2932 221 3005 ipsam
236 2932 340 3003 querit
354 2936 386 2987 ut
409 2931 530 2997 noverit,
556 2931 627 2986 dum
644 2930 792 3003 incognita
812 2930 868 2986 sibi
883 2928 950 2986 est?
1002 2931 1161 3004 quidquam
1174 2931 1248 2988 scire
1258 2931 1316 2989 nisi
1326 2936 1396 2988 tcta.
1406 2929 1708 3003 Scitseigiturtctam.
1719 2928 1825 2985 Deinde

126 3020 198 3076 liceo
213 3020 292 3075 euim
312 3036 394 3076 mena
410 3020 599 3092 semetipsam
615 3019 719 3090 querit
734 3026 767 3075 ut
782 3018 904 3087 noverit,
921 3021 951 3074 et
1002 3021 1072 3094 quid
1089 3022 1153 3091 ejus
1167 3021 1193 3078 ei
1208 3025 1269 3078 tem
1284 3026 1387 3077 notum
1402 3023 1457 3087 est,
1473 3034 1562 3091 quein
1583 3034 1615 3075 se
1629 3017 1753 3073 vivere?
1766 3017 1823 3073 Non

127 3106 950 3180 inflammaturboostudiortmatigitur:sedquidamatl
1003 3113 1210 3182 potestantem
1225 3112 1255 3166 et
1268 3125 1353 3165 mens
1367 3124 1443 3175 esse,
1464 3113 1494 3164 et
1507 3123 1565 3162 non
1586 3105 1695 3176 vivere,
1711 3107 1823 3179 quando

128 3198 165 3255 Se
175 3196 293 3269 ipsam?
308 3197 469 3267 Quomodo,
485 3212 552 3253 euru
568 3213 599 3253 se
615 3196 745 3252 nondum
760 3196 882 3264 noverit,
898 3212 952 3252 neo
1003 3198 1091 3255 babet
1106 3199 1193 3255 etiam
1209 3198 1337 3271 emplius
1352 3200 1385 3254 nt
1398 3195 1562 3269 intelligat.-
1587 3211 1656 3251 nam
1679 3200 1710 3251 et
1723 3196 1820 3251 anime

126 3286 285 3359 quisquam
297 3285 390 3358 possit
398 3301 497 3342 amare
505 3285 583 3357 quod
593 3285 785 3342 nescitlAuei
792 3286 950 3358 lamapre·
1003 3287 1165 3344 bestiarum
1181 3287 1292 3357 vivunt,
1308 3288 1359 3344 sed
1375 3302 1433 3344 nou
1458 3284 1639 3358 intelligunt.
1662 3283 1747 3340 Sicut
1760 3298 1819 3355 ergo

124 3376 231 3432 dicavit
246 3374 372 3445 speciem
388 3390 484 3445 suam,
501 3374 578 3431 sicut
592 3375 628 3431 de
638 3375 810 3431 absentibus
822 3374 951 3431 solemus
1003 3394 1087 3433 meus
1101 3382 1162 3433 tnta
1176 3392 1260 3434 mena
1274 3380 1329 3447 est,
1345 3376 1388 3433 sic
1401 3380 1462 3432 tote
1475 3375 1556 3430 visit.
1572 3373 1658 3430 Novit
1671 3378 1770 3429 autem
1783 3370 1817 3427 si·

123 3463 249 3522 audiret
265 3464 346 3520 llorta
361 3479 431 3536 ergo
446 3480 477 3519 se
492 3480 550 3520 non
576 3467 666 3535 emat,
691 3463 741 3520 sed
767 3463 845 3536 quod
868 3463 904 3519 de
919 3479 952 3520 ee
1002 3483 1069 3525 vere
1083 3482 1125 3522 se.
1141 3467 1245 3522 Totam
1261 3482 1292 3522 se
1309 3465 1402 3539 igitur
1423 3464 1514 3521 novit.
1539 3462 1693 3519 Postremo
1716 3477 1779 3518 eum
1790 3474 1816 3515 ac

122 3552 217 3627 fingit,
229 3553 284 3608 hoc
295 3557 385 3620 amat,
398 3551 484 3626 longe
495 3553 618 3609 lortasse
628 3552 708 3609 aliud
719 3569 806 3625 quam
816 3551 949 3625 ipsaest:
1003 3570 1090 3612 nossa
1101 3570 1185 3611 meus
1197 3553 1311 3627 querit,
1323 3559 1453 3611 mentem
1464 3568 1495 3610 ae
1505 3567 1570 3609 esse
1580 3551 1639 3624 jam
1651 3550 1749 3609 norit:
1760 3548 1814 3607 alio

121 3649 172 3701 aut
187 3644 211 3698 si
227 3659 259 3700 se
272 3658 357 3698 mens
372 3642 420 3697 sui
435 3640 563 3698 similem
579 3641 675 3715 lingit,
691 3646 720 3698 et
733 3641 798 3698 ideo
814 3657 880 3698 cum
897 3642 952 3698 hoc
1003 3645 1075 3715 quin
1092 3650 1191 3701 utrum
1205 3661 1237 3701 se
1252 3646 1365 3717 querat
1375 3642 1500 3716 ignoret,
1513 3640 1633 3698 stuliud
1644 3656 1697 3713 pro
1707 3638 1812 3696 elicior

122 3731 950 3804 lingmeutumamat,seamatanteqnamnoverit;quiaid
1003 3736 1080 3790 sitan
1105 3733 1243 3807 quaeret¹.
1272 3731 1349 3789 Fieri
1372 3731 1452 3789 enim
1475 3735 1573 3803 potest
1587 3734 1621 3786 ut
1636 3730 1702 3802 ipsa
1717 3725 1810 3785 nonsit

122 3820 261 3894 quodsui
292 3820 387 3877 simile
414 3825 460 3877 ast
484 3821 634 3878 intuetur:
662 3821 743 3877 novit
770 3820 950 3895 igituraliss
1003 3838 1097 3894 mens,
1113 3829 1198 3893 atque
1214 3822 1339 3878 itadum
1356 3825 1482 3878 mentem
1499 3817 1808 3890 unamquamquam

123 3915 236 3965 mentes
246 3926 280 3966 ex
292 3909 400 3982 quibus
412 3925 443 3965 sa
456 3909 558 3981 lingat,
574 3913 604 3965 et
618 3925 722 3982 genere
738 3910 802 3983 ipso
813 3909 869 3966 sibi
882 3914 951 3968 nota
1003 3912 1098 3984 ipsam
1112 3914 1232 3983 querat.
1248 3912 1442 3983 Quapropter,
1465 3908 1607 3981 quoniam
1631 3923 1699 3964 cum
1723 3901 1807 3979 querit
1861 3922 1863 3959 ;

123 4002 177 4055 est.
193 4002 249 4053 Cur
263 4014 332 4071 ergo
348 4014 415 4053 cum
436 3998 510 4054 alias
533 4002 647 4054 mentes
672 3999 761 4066 novit,
778 4016 809 4055 se
824 4015 882 4055 uon
898 4016 950 4056 no·
1003 4017 1087 4056 mens
1102 3998 1172 4073 quid
1187 4000 1226 4055 ait
1240 4014 1336 4069 mens,
1348 3997 1514 4070 novitquod
1525 4000 1690 4070 aequarat,
1701 3994 1805 4067 prolecto

123 4088 174 4156 cit,
190 4103 257 4144 cam
274 4103 304 4142 so
321 4087 385 4159 ipsa
401 4085 473 4142 nihil
493 4087 547 4141 sibi
565 4086 736 4157 pensitasse
751 4088 952 4159 praesentius?
1003 4089 1083 4144 novit
1097 4089 1174 4160 quod
1190 4087 1255 4160 ipsa
1270 4087 1308 4143 sit
1323 4102 1416 4144 meus.
1433 4086 1520 4143 Porro
1537 4085 1562 4142 si
1577 4084 1633 4142 boc
1649 4085 1679 4141 in
1699 4100 1730 4140 se
1745 4078 1804 4139 norit

125 4176 243 4242 Quodsi
257 4180 288 4230 ut
300 4174 394 4232 oculis
404 4176 535 4247 corporis
549 4173 699 4248 mugisalii
712 4175 788 4231 oculi
801 4176 949 4247 notisunt‚
1003 4176 1080 4249 quod
1097 4193 1181 4233 mene
1193 4181 1250 4245 est,
1264 4180 1293 4232 et
1307 4180 1467 4233 tota·mens
1489 4180 1547 4243 est,
1572 4178 1666 4232 totam
1691 4189 1721 4229 se
1734 4167 1801 4227 novit.

125 4281 214 4339 quam
227 4264 282 4338 ipsi
293 4265 349 4320 sibi
362 4281 369 4333 ;
382 4280 439 4320 non
451 4280 560 4335 scarpo
576 4268 688 4335 querat
709 4263 949 4335 unquaminceu-
1002 4266 1058 4322 Sed
1074 4282 1139 4323 ecce
1153 4283 1210 4322 uon
1227 4281 1258 4321 se
1273 4265 1386 4321 noverit
1398 4279 1463 4321 essa
1477 4268 1620 4332 mentem,
1637 4278 1705 4319 cum
1715 4263 1801 4318 auteu-

123 4359 200 4410 tura.
217 4354 373 4427 Nunquam
390 4352 467 4408 enirn
484 4369 515 4408 se
530 4350 606 4408 oculi
624 4357 727 4424 preter
741 4352 861 4426 specula
871 4354 949 4409 vida·
1003 4371 1034 4411 ss
1045 4354 1157 4425 querit,
1167 4354 1222 4410 hoc
1232 4352 1437 4411 tantummodo
1448 4352 1561 4409 noverit
1571 4351 1650 4423 quod
1664 4348 1799 4423 aequarat

124 4444 216 4500 bunt:
233 4459 286 4499 uec
301 4443 359 4499 ullo
384 4442 471 4498 modo
496 4442 659 4514 putandum
684 4447 729 4497 est
752 4441 839 4497 etiam
860 4444 949 4500 rebus
1003 4442 1099 4500 Potest
1108 4443 1187 4499 onim
1198 4441 1287 4498 ctiam
1299 4441 1343 4499 sio
1352 4440 1431 4498 aliud
1442 4456 1495 4514 pro
1509 4439 1567 4497 alio
1581 4455 1720 4511 quaerere,
1734 4432 1799 4493 silut

123 4530 300 4603 incorporeis
315 4531 549 4603 contemplandis
565 4530 622 4586 tale
635 4528 747 4601 aliquid
758 4530 903 4601 adhiberi,
916 4537 949 4588 ut
1002 4532 1113 4589 nescit:
1126 4534 1267 4587 ntauiam
1280 4547 1339 4587 non
1349 4535 1461 4602 quierat
1480 4528 1560 4586 aliud
1579 4544 1632 4601 pro
1649 4515 1797 4601 allapsum!

125 4636 208 4676 mens
223 4626 362 4692 tanquam
377 4620 407 4675 in
423 4619 544 4692 speculo
560 4636 591 4675 se
602 4619 724 4676 noverit.
739 4622 783 4675 An
795 4620 823 4674 iu
836 4620 949 4678 ratione
1001 4620 1092 4677 dubio
1107 4621 1186 4676 novit
1202 4618 1272 4692 quid
1287 4622 1408 4691 querat.
1424 4619 1462 4675 nt
1476 4618 1501 4674 si
1517 4617 1598 4674 novit
1619 4617 1690 4690 quid
1704 4610 1796 4687 quenl·

123 4708 253 4766 veritatis
264 4713 375 4764 aterne
387 4707 464 4763 videt
474 4725 562 4779 quani
574 4707 741 4781 speciosum
753 4708 792 4764 sit
802 4724 889 4764 nossa
903 4725 948 4765 se·
1001 4715 1030 4766 et
1041 4726 1072 4766 se
1082 4708 1178 4781 ipsam
1190 4706 1304 4779 querit,
1316 4724 1347 4764 se
1358 4706 1452 4780 ipsam
1463 4705 1565 4780 utique
1576 4706 1669 4763 novit.
1677 4702 1796 4773 Quideifll

123 4800 289 4869 metipsam‚
305 4802 334 4853 et
348 4799 402 4854 hnc
417 4805 497 4852 amat
511 4798 588 4868 quod
605 4797 693 4864 videt,
710 4796 905 4870 studetquein
917 4815 949 4854 se
1001 4799 1098 4854 adbuc
1109 4795 1328 4870 quaeritlouod
1342 4794 1367 4852 si
1387 4812 1422 4851 ex
1441 4800 1523 4868 purte
1544 4810 1576 4850 ee
1590 4794 1682 4862 novit,
1696 4808 1728 4848 ex
1739 4788 1795 4861 pute

123 4886 280 4958 dariiquia
288 4884 421 4958 quamvis
429 4885 486 4941 sibi
497 4891 565 4941 note
576 4885 690 4953 nonsit,
702 4892 804 4943 notum
815 4891 913 4942 tamen
922 4886 947 4943 ei
1001 4891 1099 4944 autem
1110 4886 1207 4942 adbuc
1218 4884 1436 4957 querit,nonse
1444 4882 1792 4958 ipsam,seopartomnm

122 4979 167 5032 eet
180 4991 269 5048 quam
281 4975 392 5031 bonum
404 4973 450 5042 sit,
463 4977 496 5028 ut
507 4972 562 5029 sibi
575 4978 643 5029 nota
655 4973 703 5029 sit.
716 4974 748 5028 llt
758 4974 812 5031 hoc
827 4974 947 5046 quidem
1001 4975 1113 5048 quaerit.
1126 4974 1286 5031 cumcuim
1298 4972 1534 5046 seipsadlcitur,
1545 4959 1794 5055 totadicitur.btll·

123 5063 308 5137 permirabile
316 5068 370 5130 est,
379 5062 650 5128 noudumsenosse‚
659 5067 781 5133 etquam
789 5062 946 5134 pulchrum
1000 5067 1037 5122 da
1047 5065 1117 5137 quia
1128 5064 1206 5119 novit
1217 5061 1349 5119 nondum
1359 5078 1391 5118 se
1401 5076 1459 5118 ase
1469 5060 1619 5117 inventam
1629 5066 1727 5129 totam,
1737 5044 1793 5110 n⁰l¹²

122 5153 160 5210 sit
169 5169 201 5210 se
212 5170 309 5225 nosse,
317 5153 380 5224 jem
392 5169 487 5208 nosse.
499 5154 543 5207 An
554 5150 682 5221 aliquem
693 5151 779 5205 finem
790 5152 944 5225 optimum,
1000 5157 1112 5227 quauta
1123 5152 1162 5208 sit
1171 5157 1242 5209 tota.
1254 5152 1349 5223 Atque
1357 5148 1400 5205 ita
1409 5149 1516 5221 querit
1527 5149 1606 5222 quod
1619 5149 1708 5214 decet,
1717 5148 1791 5217 quim·

122 5243 151 5299 id
167 5248 212 5298 est
226 5242 410 5299 securitatem
427 5246 456 5297 et
470 5239 683 5297 beatitudinem
699 5254 783 5294 suam
794 5241 882 5309 videt,
894 5257 947 5313 per
999 5242 1158 5298 admodum
1174 5238 1305 5297 solemus
1319 5254 1459 5311 querere,
1475 5242 1510 5295 ut
1530 5237 1629 5295 veniat
1651 5236 1681 5293 in
1695 5230 1792 5291 nienllm

122 5331 278 5402 quamdam
296 5330 440 5388 occultam
456 5328 715 5398 memoriamque
728 5327 756 5380 in
768 5327 944 5402 longinqua¹
999 5331 1076 5403 qued
1089 5329 1206 5395 excidit,
1218 5344 1272 5385 nec
1281 5334 1380 5383 tamen
1390 5327 1507 5401 penitus
1517 5306 1793 5399 excedit3quirpul⁸l

120 5436 184 5476 eam
200 5436 385 5493 progressam
401 5414 943 5488 nondeseruit,etoreditadaumdem
998 5418 1177 5492 recognosci,
1187 5432 1256 5473 cum
1267 5417 1389 5485 venerit,
1400 5406 1790 5489 hooesae'quodquarebtlll·
1841 5408 1844 5413 ’

119 5508 218 5579 linem,
234 5510 291 5565 nisi
305 5527 337 5566 se
352 5511 447 5583 ipsam
462 5504 639 5581 cognoverit,
663 5520 695 5560 se
719 5503 870 5577 pervenire
885 5523 942 5562 nou
1531 5528 1537 5537 ·

117 5596 227 5670 posset
240 5602 284 5653 lte
298 5600 369 5655 dum
383 5598 456 5656 illud
480 5601 571 5665 emat,
586 5595 641 5652 hoc
657 5592 779 5669 quasit:
796 5596 825 5650 et
839 5598 942 5653 uotum
1028 5636 1038 5671 ,
1052 5630 1181 5683 Nonum
1194 5630 1268 5694 m,
1282 5629 1337 5681 ,m
1349 5642 1377 5682 κ
1392 5630 1450 5681 m

145 5696 158 5737 ²
174 5692 294 5762 Plerique
308 5696 380 5761 itu,
395 5696 423 5750 ie
437 5695 616 5763 bepiaqaem.
1027 5694 1132 5747 llucta
1145 5694 1220 5757 boa,
1230 5692 1333 5761 quae.
1381 5693 1417 5748 ll.
