3908 6128
148 300 187 363 {a
597 291 821 358 sullortlulo
842 292 882 354 ΙΝ
902 292 1052 357 LIBRUM
1075 296 1127 357 nu
1148 298 1397 363 ussustltus.
1810 298 1851 363 ld

146 450 256 514 gemus
270 429 334 494 suis
348 427 436 491 locis.
452 424 636 488 Consimiles
650 426 720 487 aliis
741 426 932 506 Appendicis
955 427 1115 506 opusculis
1137 448 1346 511 apponemus,
1369 447 1504 510 quorum
1519 447 1611 495 veros
1625 448 1663 493 ac
1679 431 1848 512 genuinos,

147 511 254 594 quoad
268 511 337 573 llari
351 508 478 590 poterit,
496 513 641 569 auctores
656 513 797 585 retegere
811 506 1007 568 conabimur.

186 592 240 655 llis
266 609 342 684 argo
369 588 480 651 leviter
507 585 663 660 delibatis,
692 590 852 649 tectorem
880 585 921 649 ad
961 586 1104 669 subjecta
1132 606 1230 669 opera
1256 589 1472 671 pervolvendo
1500 590 1701 654 festinantem
1730 589 1849 654 diutins

145 672 208 734 boc
234 672 266 733 iu
293 670 402 731 lrmius
429 667 581 730 remorari
607 667 694 728 nolas
722 665 875 728 ducimus.
905 668 1012 747 Longe
1048 669 1189 747 prolecto
1214 669 1387 749 jucundius
1414 671 1475 734 arit
1500 671 1655 752 inspicere
1683 672 1848 735 haereseon

147 752 341 815 eversionem
364 750 438 813 lesu
465 747 581 810 Christi
607 747 723 809 virtute
748 747 789 808 ab
815 746 990 823 Augustino
1021 748 1157 825 laetam,
1188 750 1300 832 dequo
1314 751 1406 813 nobis
1420 751 1452 813 id
1467 750 1571 815 dicere
1586 751 1690 825 liceat,
1713 753 1799 833 quod
1814 753 1849 814 in

148 849 292 895 wrmons
320 828 359 891 ds
387 829 584 911 Catualysmo
612 828 764 907 scriptum
793 828 931 907 legitur:
962 852 977 883 s
993 829 1029 890 ln
1049 828 1105 889 illo
1119 832 1249 909 populo,
1263 833 1387 906 iratres,
1402 831 1435 892 in
1447 851 1511 913 quo
1522 832 1622 894 multa
1636 832 1789 894 miracula
1803 833 1850 895 la·

149 934 167 971 s
208 911 310 973 ciebat
346 909 468 989 Moyses
510 928 567 989 per
606 908 740 989 virgam,
770 915 1016 970 exsurrexerunt
1053 911 1140 988 magi
1164 911 1351 987 Pharaonis,
1380 913 1530 975 iacientes
1557 919 1589 975 et
1615 913 1677 993 ipsi
1702 912 1850 1007 prodigis

150 1015 166 1051 a
192 997 301 1055 contre
327 990 482 1052 famulum
496 990 566 1051 liei
593 989 732 1069 hloysan.
763 988 825 1050 Sed
852 988 893 1051 ad
907 987 969 1049 hoc
982 989 1129 1069 quedam
1144 989 1226 1053 mira
1237 992 1340 1055 lacere
1354 994 1499 1073 permissi
1513 997 1596 1065 sunl,
1613 999 1648 1055 ut
1670 993 1849 1055 mirabilius

150 1096 167 1131 s
197 1073 404 1134 vincerentur.
442 1069 527 1150 Magi
564 1068 736 1130 Pharaonis
763 1067 839 1148 quid
877 1068 963 1131 aliud
1000 1069 1233 1148 significabant,
1271 1071 1330 1134 nisi
1358 1089 1469 1135 omnes
1495 1073 1661 1136 haereticos
1686 1074 1848 1136 ministros

150 1176 168 1213 s
194 1150 325 1226 diaboli,
353 1149 409 1231 qui
436 1149 494 1212 sub
521 1148 648 1210 nomine
676 1148 790 1211 Christi
814 1149 965 1212 devorare
993 1150 1125 1230 cupiunt
1139 1151 1292 1231 populum
1307 1151 1589 1216 Christilsmtent
1603 1172 1689 1216 nuuc
1711 1153 1849 1217 heroaes

150 1255 167 1292 v
194 1233 226 1294 in
254 1231 338 1293 banc
364 1239 494 1302 terram,
523 1235 677 1309 tauquam
702 1234 862 1310 serpentes
897 1247 1074 1323 magorum,
1112 1248 1192 1308 quos
1228 1232 1393 1295 devoravit
1419 1239 1451 1296 et
1477 1235 1608 1297 devorat
1634 1234 1688 1296 ills
1715 1252 1846 1317 serpens

150 1337 167 1371 α
195 1312 352 1376 οιαὶιαῑιιε
380 1312 413 1373 iu
440 1310 578 1390 liguo...
608 1310 681 1372 Fuit
699 1309 763 1382 bic,
799 1316 835 1371 ut
869 1315 995 1384 uostris,
1024 1310 1230 1385 dilectissimi,
1260 1313 1386 1392 viperea
1412 1314 1556 1376 doctriua
1584 1314 1845 1377 Donatistarum:

150 1415 166 1455 v
194 1393 329 1457 coutrita
357 1398 415 1467 est,
445 1408 573 1453 consum
599 1396 632 1452 ta
658 1397 715 1452 est.
743 1391 814 1452 llox
841 1389 1144 1455 Maximianistarum
1173 1394 1353 1455 serantina
1380 1395 1465 1456 lrsus
1495 1395 1683 1475 pullulavit:
1711 1396 1848 1458 contrita

151 1496 166 1533 u
194 1480 252 1549 est,
281 1476 477 1613 cousumpta·
496 1477 554 1533 est.
616 1470 830 1532 auichseorum
858 1488 1012 1567 venenum
1041 1470 1158 1566 aspidis
1181 1411 1405 1567 subrepserat:
1435 1474 1605 1571 contritum
1619 1482 1678 1549 est,
1695 1493 1844 1571 cousum-

148 1574 166 1691 :¹
194 1558 358 1697 tlhll
375 1550 1561 1711 tottilal{tltltllltllllltlllltlllllhff.flat
1576 1555 1846 1698 llllllzsstl:

149 1740 165 1773 u
194 1715 264 1795 guis
276 1714 421 1787 Arianos,
435 1712 511 1774 otim
527 1717 680 1787 mortuus,
697 1714 866 1774 insultat...
881 1712 959 1785 redi,
976 1714 1098 1792 bloyses
1112 1718 1239 1788 noster;
1256 1715 1335 1789 radi,
1349 1715 1439 1795 rirga
1455 1716 1531 1791 redi,
1548 1735 1677 1797 serpens
1700 1715 1823 1779 Christo
1839 1734 1848 1791 ;

147 1820 163 1853 ι
193 1801 319 1858 contero
333 1800 430 1873 caput
443 1793 629 1866 draconum,
645 1792 695 1854 dic
709 1793 785 1873 quid
799 1792 841 1853 sis
855 1810 926 1853 cum
942 1795 1054 1856 Patre:
1070 1800 1100 1855 te
1115 1792 1280 1857 audiamus
1294 1794 1469 1874 docentem,
1486 1815 1551 1859 nou
1565 1796 1751 1860 hereticum
1766 1797 1851 1860 blas·

150 1902 167 1934 a
194 1875 399 1957 phemautem
414 1896 430 1931 s
444 1872 534 1957 (Cup.
550 1876 580 1946 5,
597 1882 665 1934 tom.
681 1874 711 1948 6,
729 1873 790 1935 col.
805 1872 960 1956 696-697).

759 2202 1234 2329 ADMONITIO

744 2426 782 2483 IN
801 2422 941 2485 LIBRUM
959 2422 1007 2482 bs
1024 2422 1249 2483 Habeamus·

178 2687 221 2745 Ad
232 2681 510 2744 scribendumhunc
519 2679 628 2738 librum
638 2680 770 2739 hortator
781 2683 869 2753 atquo
879 2683 980 2737 auctor
989 2680 1153 2755 Augustino
1161 2679 1443 2749 luitQuodrultdsus
1453 2680 1849 2759 diaconuscarthagiueusis.

143 2782 182 2835 Eo
196 2776 331 2850 spectant
343 2772 556 2844 subsequentes
570 2769 718 2843 epistola:
733 2768 831 2842 prima
845 2768 1037 2835 Quodvultdei
1053 2771 1098 2825 est
1111 2769 1310 2841 augustinum
1325 2770 1455 2843 rogantis
1470 2775 1504 2828 ut
1519 2770 1660 2831 heresum
1685 2773 1753 2831 adst
1766 2779 1850 2833 cats-

143 2866 255 2941 logum,
271 2862 405 2937 proprios
418 2860 587 2932 quibusque
602 2873 715 2915 errores
730 2872 764 2913 aa
778 2857 854 2913 ritus
869 2857 971 2929 paucis
985 2856 1228 2929 complectentem
1243 2875 1251 2927 ;
1266 2860 1396 2916 secunda
1408 2876 1476 2917 vero
1496 2862 1653 2935 Augustini
1677 2863 1846 2921 excusantis

142 2957 241 3029 operis
254 2949 468 3022 difficultatem,
483 2963 605 3019 remque
619 2946 655 3003 ab
666 2944 732 3003 aliis
741 2950 882 3002 tentatam
894 2946 958 3017 jam
972 2960 1037 3002 esse
1052 2946 1248 3004 admonentis.
1265 2947 1409 3005 Rescnbit
1420 2950 1650 3019 Quodvultdeus,
1660 2950 1850 3010 vehementer

143 3045 180 3102 ab
194 3060 229 3101 eo
243 3040 422 3099 contendeus
436 3043 469 3094 ut
483 3037 513 3092 id
528 3052 638 3092 munus
652 3034 783 3106 petitioni
798 3034 903 3107 ipsius,
918 3034 979 3090 imo
994 3033 1152 3091 universali
1163 3036 1307 3093 desiderio
1318 3053 1375 3094 non
1385 3038 1517 3109 denegat.
1529 3038 1612 3094 'l'unc
1623 3039 1742 3098 demum
1752 3041 1848 3098 victus

139 3131 323 3205 Augustinus
333 3128 462 3186 laborem
478 3130 507 3183 st
521 3140 622 3182 curam
635 3122 667 3181 in
681 3140 713 3181 ss
727 3122 830 3194 recipit
844 3122 991 3180 scribendi
1005 3123 1042 3180 de
1065 3123 1237 3193 heresibus,
1262 3125 1333 3182 dum
1357 3141 1409 3198 per
1423 3124 1496 3183 alias
1511 3127 1718 3200 occupationes
1733 3129 1844 3189 licebit.

139 3222 224 3281 Nunc
238 3220 317 3277 euim
332 3216 471 3291 imposita
486 3214 542 3271 sibi
558 3212 733 3271 necessitate
748 3210 898 3269 refellendi
911 3209 1076 3283 lulianum,
1092 3229 1124 3270 ae
1136 3212 1225 3269 etiam
1239 3213 1276 3268 ab
1292 3216 1408 3286 incepta
1420 3213 1773 3287 opusculorum·suorum
1800 3234 1847 3276 ro.

139 3309 304 3385 cognitione
318 3311 418 3381 (quum
434 3320 496 3362 rom
512 3302 671 3377 plurimum
687 3302 884 3359 necessariam
896 3301 1022 3375 judicat)
1038 3301 1152 3358 avocari
1166 3304 1311 3371 testatur;
1328 3302 1468 3376 additque
1483 3320 1515 3360 ss
1529 3304 1619 3377 hujus
1634 3305 1844 3379 recognitionis

137 3401 196 3458 duo
210 3397 359 3457 uolumina
371 3396 433 3468 J‘am
449 3393 608 3451 absolvisse
622 3390 786 3449 retractatis
801 3390 939 3448 omnibus
953 3388 1037 3448 libris
1053 3391 1126 3448 suis.
1141 3390 1207 3447 ilac
1221 3391 1279 3447 duo
1295 3390 1446 3449 volumina
1458 3392 1573 3450 circiter
1595 3410 1706 3451 aunum
1734 3394 1845 3453 Christi

58 3500 63 3507 '
137 3490 190 3547 ⁴27
204 3488 333 3564 perlecta
351 3486 541 3543 observamus
556 3482 586 3539 in
601 3487 681 3539 tomo
695 3480 808 3554 primo:
825 3480 934 3553 quibus
948 3480 1187 3554 quandoquidem
1203 3480 1348 3552 posterior
1359 3485 1405 3538 est
1419 3483 1454 3539 de
1469 3482 1633 3540 heresibus
1644 3483 1729 3552 liber,
1741 3485 1776 3541 ad
1790 3501 1844 3542 au·

137 3594 209 3637 num
225 3578 340 3635 circiter
353 3574 406 3631 428
420 3573 601 3631 revocandus
616 3571 741 3629 videtur.
757 3570 908 3627 Possidius
923 3570 953 3626 in
968 3568 1110 3641 indiculo,
1127 3584 1189 3641 cap.
1204 3570 1234 3639 5,
1249 3573 1340 3635 notat,
1357 3571 1393 3626 lle
1407 3572 1568 3629 Haeress'bas
1583 3571 1845 3641 onuostnattdsom

137 3666 495 3737 diaconam,imperteetum
505 3677 583 3735 opas.
598 3660 632 3716 st
647 3660 779 3716 isidorus
792 3658 829 3716 de
842 3658 921 3715 Viris
934 3656 1111 3727 illustribus,
1123 3674 1187 3730 cap.
1202 3656 1231 3714 a.
1247 3659 1415 3727 Primoaica,
1426 3656 1534 3732 iuquit,
1550 3659 1697 3733 Asrtccasss
1705 3664 1848 3735 episcopos

136 3757 285 3830 wmmsss‘t
307 3768 431 3811 sameas
443 3750 601 3808 scholentes
614 3748 648 3807 ds
660 3750 821 3807 Haersss'tas
847 3752 904 3805 tres
929 3748 1025 3819 tatros,
1040 3747 1155 3805 directos
1168 3745 1205 3803 od
1217 3747 1400 3804 Fortunatam
1412 3751 1578 3821 episcopum,
1593 3751 1736 3822 explicans
1756 3754 1787 3809 in
1800 3754 1841 3811 sr's

137 3846 209 3919 quod
231 3845 299 3903 clim
325 3844 359 3899 B.
369 3842 539 3915 Augustanus
566 3840 598 3896 irs
624 3838 695 3895 libro
722 3839 870 3896 Hennaea
884 3838 1070 3910 imperfectum
1084 3837 1174 3893 morte
1197 3834 1393 3895 interveniente
1411 3838 1573 3911 reliquerat.
1592 3842 1703 3913 Nempe
1717 3839 1842 3901 alteram

138 3935 237 4010 aporia
264 3936 389 4009 partem,
404 3930 442 3987 ad
456 3928 672 3987 ostendendum
687 3927 759 4000 quid
773 3926 944 3985 hereticum
958 3924 1057 3996 iaciat,
1073 3925 1416 4001 polliceturAugustiuus
1429 3926 1460 3984 iu
1474 3927 1654 4001 prelationis
1666 3930 1736 3999 fine,
1750 3947 1842 4005 quam

136 4028 251 4101 partam
265 4026 359 4081 morta
373 4020 537 4096 preventus
554 4033 613 4075 non
627 4014 735 4091 attigit.

352 4244 437 4343 uu
470 4238 691 4338 consu
725 4212 917 4338 alnao
951 4238 1275 4335 seleucum
1311 4238 1622 4350 ousvuou.

827 4408 1003 4466 splsuots
1021 4408 1135 4465 CCXXI.

189 4534 315 4596 Domino
329 4531 434 4593 marito
447 4526 617 4601 venarabili,
632 4525 659 4585 ai
673 4541 739 4584 vera
749 4524 921 4584 beatissimo
935 4525 1012 4601 patri
1026 4530 1193 4583 Aucusrruo
1208 4524 1357 4602 episcopo,
1372 4528 1603 4595 Quouvuurosus
1617 4528 1768 4588 diaconus.

165 4682 192 4738 l·
208 4679 264 4737 Diu
279 4676 413 4752 trepidus
427 4672 481 4742 lui,
497 4676 526 4729 et
536 4687 628 4729 ausus
642 4669 696 4726 bos
714 4686 794 4727 meos
809 4668 965 4743 aliquoties
978 4668 1097 4727 distuli:
1113 4670 1164 4726 aed
1181 4685 1227 4726 ms
1238 4668 1448 4743 principalitar,
1460 4670 1559 4728 utdioi
1570 4668 1835 4741 assolet,auimavit

127 4767 320 4829 beatitudiuis
333 4771 393 4823 tuae
406 4759 608 4821 benevolentia
622 4759 760 4816 omuibus
771 4759 959 4831 comprobate
969 4775 977 4827 ;
988 4774 1077 4831 quam
1093 4758 1164 4813 dum
1178 4756 1343 4827 considero,
1360 4758 1454 4832 magis
1468 4759 1565 4831 timui,
1582 4775 1618 4815 us
1633 4776 1691 4816 non
1706 4761 1833 4832 petendo

126 4858 285 4933 superbus,
296 4872 353 4913 nou
369 4851 526 4927 quaersudc
543 4847 720 4920 desidiosus,
736 4864 795 4904 uon
810 4848 956 4922 pulsando
970 4848 1054 4921 piger
1067 4864 1084 4903 a
1100 4846 1221 4904 Domino
1232 4847 1393 4918 judicarer.
1409 4848 1549 4905 Sulllcere
1564 4852 1663 4905 autem
1679 4848 1752 4905 mihi
1767 4866 1831 4908 crs·

126 4947 225 5007 darem
239 4944 410 5019 huiusmodi
426 4938 630 4997 tantummodo
645 4935 836 5008 voluntatem,
852 4938 878 4993 si
893 4938 1021 4993 fructum
1036 4936 1160 5011 adipisci
1176 4952 1233 4993 uon
1249 4952 1386 5011 possam:
1403 4954 1470 4995 cum
1485 4942 1585 4995 autem
1615 4954 1667 5010 pro
1682 4942 1761 4995 certe
1776 4954 1830 4997 nc·

123 5036 226 5105 verim,
242 5034 352 5092 ostium
365 5029 455 5088 divini
472 5026 627 5097 sermonis,
643 5026 720 5099 quod
735 5025 921 5084 Vanarstioni
937 5030 994 5083 tua
1008 5025 1135 5083 coelestis
1149 5025 1243 5098 gratis
1266 5025 1412 5097 patalscit,
1441 5032 1573 5101 paratam
1604 5041 1668 5084 osse
1696 5030 1827 5085 mentm

123 5128 204 5181 tuam
220 5127 363 5193 sanctem,
379 5135 466 5191 quum
482 5114 612 5190 possidet
626 5113 770 5182 Christus,
786 5131 844 5172 nou
859 5114 957 5173 solum
971 5114 1085 5173 cunctis
1101 5113 1267 5171 volantibus
1282 5117 1419 5187 pandere.
1434 5114 1631 5174 verumetiam
1644 5112 1825 5185 uolantibus,

123 5212 157 5267 ut
171 5212 292 5269 introire
306 5227 365 5269 non
378 5208 487 5282 pigeat,
503 5204 680 5278 persuadere
692 5221 699 5273 ;
716 5205 900 5278 occupationi
915 5204 1092 5263 Reverentia
1106 5208 1164 5260 tua
1180 5202 1342 5277 multoquio
1352 5204 1502 5280 superlluo
1514 5220 1627 5263 moram
1638 5220 1696 5261 uon
1706 5202 1825 5276 faciam,

120 5300 173 5356 ssd
188 5300 367 5359 desiderium
381 5293 591 5357 obsecrationis
606 5308 678 5350 moa
693 5293 973 5352 brevitsrindicabo.

155 5390 183 5444 2.
200 5388 397 5447 Nonnullosin
408 5386 486 5445 clero
496 5383 619 5453 hujusce
628 5381 717 5439 etiam
728 5382 919 5456 amplissimas
928 5384 1051 5441 civitatis
1062 5399 1128 5439 esse
1137 5382 1300 5455 imperitos,
1311 5399 1346 5440 ex
1357 5399 1404 5439 me
1418 5382 1483 5456 ipso
1491 5382 1613 5455 conjicio
1626 5399 1633 5440 :
1644 5385 1826 5455 etqusntum

119 5477 256 5534 universo
266 5477 309 5534 illi
324 5477 419 5534 ordini
435 5476 622 5550 profuturum
638 5471 677 5527 sit
690 5472 769 5543 quod
784 5478 897 5545 expeto,
913 5472 1141 5530 considerationi
1155 5472 1325 5527 sanctitatis
1339 5478 1396 5527 tun
1411 5472 1629 5529 discutiendum
1644 5470 1744 5529 offero.
1760 5471 1826 5529 Pri-

115 5564 222 5639 vllcgio
236 5580 365 5637 namque
379 5570 551 5621 cunctorum
567 5559 619 5633 qui
634 5558 689 5615 hoc
703 5558 740 5616 ds
753 5560 958 5632 spiritualibus
970 5560 1030 5617 tuis
1045 5560 1195 5617 laboribus
1206 5565 1422 5632 promerentur,
1433 5562 1522 5619 stiam
1534 5576 1581 5617 ma
1591 5558 1745 5635 indignum
1755 5575 1824 5619 coo·

115 5658 287 5711 secuturum
302 5668 367 5712 esse
381 5668 538 5727 presumo,
553 5650 672 5708 domiue
687 5648 792 5707 merito
805 5650 992 5720 venerabilis,
1007 5653 1037 5707 et
1050 5666 1117 5707 vars
1131 5648 1302 5707 beatissima
1315 5654 1410 5723 pater.
1424 5654 1531 5707 Precor
1544 5649 1636 5725 igitur
1659 5648 1821 5707 Beatitudi·

114 5756 183 5799 uem
198 5747 291 5817 tuam,
307 5747 341 5801 ut
353 5758 389 5801 ex
402 5756 461 5815 quo
474 5740 636 5798 christiana
650 5736 752 5813 religio
767 5738 946 5798 hereditatis
960 5738 1113 5814 promissas
1125 5754 1232 5796 nomeu
1247 5738 1369 5811 accepit,
1385 5754 1450 5813 qua
1463 5738 1589 5798 hareses
1603 5736 1723 5811 laedat,
1737 5736 1818 5810 stus3

112 5844 190 5904 scos
202 5847 316 5893 errores
325 5830 491 5903 intulerint,
506 5828 654 5898 iulsrant;
669 5826 741 5901 quid
756 5829 897 5889 adversus
908 5828 1085 5889 catholicam
1096 5826 1260 5889 Ecclesiam
1279 5826 1437 5905 mandat,
1466 5827 1608 5903 naama,
1626 5826 1664 5889 ds
1689 5826 1759 5903 lida,
1779 5824 1819 5889 ds
