3908 6128
171 318 210 386 ts
619 316 849 383 aesculeto
871 318 911 381 lii
932 318 1083 383 LIBRUM
1106 320 1158 383 bit
1180 316 1432 382 HAERESIBUS.
1841 320 1884 383 20

168 454 242 514 Nam
255 456 332 528 quod
347 454 429 529 prius
442 452 584 511 directum
597 470 662 511 csse
676 455 831 513 [testitudo
856 458 907 511 tua
931 454 1117 527 significavit,
1144 472 1195 529 por
1213 454 1310 511 virum
1326 452 1527 511 honorabilem
1543 450 1738 521 Philccaium,
1753 454 1881 511 necdum

170 544 206 601 ad
223 562 270 601 me
284 544 422 617 pervenit.
438 542 547 599 Verum
564 544 695 615 quamvis
709 544 847 601 conscius
862 546 1048 617 propriorum
1065 560 1181 616 semper
1195 544 1300 600 luerim
1317 547 1512 614 peccatorum,
1530 558 1608 598 nunc
1619 546 1718 600 tamen
1730 543 1883 601 audenter

170 633 285 706 agnovi,
300 630 488 706 adipiscendo
503 629 546 687 iili
562 632 639 705 quod
654 633 768 689 exoravi
785 632 912 703 muneri,
929 648 1025 689 meam
1040 633 1095 689 toti
1110 633 1244 690 Ecclesia
1261 632 1470 705 impedimento
1485 645 1550 687 esse
1565 647 1733 705 personam.
1750 632 1807 689 Sed
1816 648 1880 689 om·

170 720 240 778 uiuo
256 722 380 789 conlido,
393 720 531 793 quoniam
546 722 596 792 qui
609 738 662 794 per
676 721 760 779 Unici
773 723 818 779 sui
835 722 961 795 gratiam
977 722 1099 778 humani
1115 722 1232 793 generis
1246 722 1385 795 dignatus
1400 724 1446 776 est
1460 719 1555 777 delere
1570 720 1711 793 facinora,
1736 736 1790 777 uso
1813 736 1881 778 mea

168 809 200 867 in
215 810 371 881 perniciem
386 811 558 865 cunctorum
573 810 729 883 praevalere
746 811 906 883 permittet,
922 811 1076 883 potiusque
1089 812 1138 867 ubi
1155 812 1318 868 abundavit
1340 816 1504 884 peccatum,
1525 810 1652 882 gratiam
1668 809 1755 867 faciet
1768 810 1877 866 redun-

168 897 238 956 dare
252 900 341 967 (llom.
357 914 384 966 v,
398 898 445 969 to)
459 898 578 955 domiue
591 899 694 956 merito
710 899 896 970 venerabilis,
910 916 943 956 ac
958 900 1127 957 beatissimo
1140 906 1232 970 pater.
1248 899 1455 956 Diiilcultatem
1471 899 1579 971 operis,
1595 899 1671 971 quod
1692 898 1878 956 instruendis

167 986 399 1059 imperitissimis
414 986 498 1043 nobis
514 1004 564 1059 per
579 991 661 1044 tuam
677 988 901 1045 beneficentiam
918 989 1047 1060 prestari
1065 989 1238 1063 suppliciter
1247 988 1371 1056 exoravi,
1388 1004 1440 1043 neo
1453 986 1509 1060 ipsi
1524 987 1664 1060 ignoraus
1678 994 1745 1045 auto
1768 988 1877 1061 predi·

167 1076 217 1147 xi;
233 1078 283 1134 sed
299 1078 336 1134 de
346 1077 435 1134 divini
452 1078 539 1133 tontis
554 1079 696 1146 ubertate,
714 1096 803 1152 quam
816 1078 870 1135 tihi
885 1078 1028 1137 Dominus
1042 1079 1156 1145 tribuit,
1172 1080 1267 1136 veraci
1280 1079 1366 1135 corde
1382 1078 1567 1151 presumpsi.

202 1171 230 1224 2.
247 1168 321 1225 Nam
335 1168 390 1225 etsi
407 1168 582 1226 Philostrius
594 1173 623 1225 et
637 1169 820 1243 Epiphanius
836 1170 990 1227 venerandi
1013 1168 1142 1243 episcopi
1166 1170 1224 1226 tale
1246 1168 1357 1243 aliquid
1382 1167 1537 1242 scripsisse
1559 1172 1774 1241 memorantur,
1801 1169 1881 1242 qnod

167 1256 268 1331 procul
283 1257 374 1315 dubio
389 1272 435 1314 mo
450 1258 526 1313 inter
540 1261 653 1327 cetera,
669 1258 729 1315 imo
744 1258 821 1314 siout
836 1258 946 1327 omnia,
963 1258 1056 1315 latet:
1073 1276 1131 1315 non
1147 1261 1246 1315 tamen
1262 1258 1388 1315 arhitmr
1399 1274 1448 1314 ecs
1462 1258 1537 1314 hanc
1552 1273 1652 1314 curam
1675 1256 1878 1331 diligentiam·

166 1361 224 1420 que
237 1345 418 1416 adhibuisse,
435 1350 468 1402 ut
481 1345 608 1419 singulis
624 1346 791 1420 quibusque
818 1347 1006 1419 opinionibus
1031 1347 1195 1405 contrarias
1220 1346 1308 1404 etiam
1334 1345 1489 1419 opiniones
1511 1346 1719 1419 adjungerent,
1744 1345 1881 1420 ritusque

166 1434 364 1507 subjicerent;
381 1440 444 1490 tum
460 1435 587 1507 donique
602 1451 677 1507 opus
693 1435 765 1491 iilud
781 1437 936 1508 utriusque
951 1435 1166 1508 qualecumque
1181 1436 1291 1492 sitnon
1308 1435 1396 1491 hahet
1405 1433 1539 1491 fortassis
1555 1450 1630 1504 eam,
1643 1450 1733 1506 quam
1745 1435 1881 1492 desidero

165 1522 348 1581 brevitatem.
366 1524 486 1581 Frustra
500 1524 589 1580 etism
604 1523 730 1591 homini,
746 1525 795 1597 qui
812 1524 905 1581 latina
917 1542 975 1581 non
991 1525 1105 1594 didicit,
1121 1541 1214 1597 green
1230 1523 1367 1580 lacuudia
1381 1522 1554 1595 delegatur:
1571 1521 1714 1595 quianon
1740 1538 1794 1597 ego
1818 1527 1882 1580 tau·

163 1613 318 1670 iummodo
333 1612 500 1683 consilium,
516 1614 566 1669 sed
581 1616 610 1670 et
625 1613 768 1670 auxilium
785 1613 940 1687 postulavi.
957 1613 1032 1679 Quid
1048 1618 1145 1670 autem
1160 1613 1383 1670 Venerationem
1399 1619 1479 1668 tuam
1494 1613 1530 1668 de
1545 1611 1740 1684 interpretum
1756 1628 1815 1669 nou
1830 1629 1878 1670 so·

164 1700 228 1759 lum
243 1700 426 1771 diiiioultate,
443 1702 596 1758 sedetiam
612 1701 792 1759 obscuritate
807 1703 995 1773 admoneam,
1012 1718 1078 1759 cum
1102 1702 1166 1774 ipse
1186 1702 1240 1758 hoo
1265 1701 1360 1774 tnagis
1372 1716 1407 1757 ao
1422 1700 1507 1773 plene
1522 1700 1689 1772 dijudices?
1703 1702 1824 1758 Accedit
1838 1702 1874 1758 ad

165 1790 387 1862 causam,quod
403 1788 551 1847 nonnulle
566 1790 655 1847 etiam
670 1790 868 1862 pastillorum
887 1791 1001 1848 obitum
1017 1791 1141 1847 hereses
1165 1790 1321 1847 emersisse
1346 1790 1516 1857 doceantur,
1543 1805 1669 1861 quarum
1695 1788 1808 1846 nullam
1832 1789 1876 1847 illi

165 1879 288 1937 iecerint
303 1881 493 1936 mentionem.

200 1968 228 2025 3.
245 1967 439 2035 Quamobrem
456 1969 491 2024 ad
506 1968 651 2041 peculiare
665 1968 857 2041 patrocinium
873 1969 990 2043 pietatis
1005 1972 1061 2026 tus
1073 1968 1222 2041 coniugio,
1236 1973 1266 2026 et
1280 1984 1349 2024 vooe
1366 1984 1440 2038 mea,
1454 1967 1505 2023 sed
1528 1966 1686 2023 universali
1714 1968 1871 2039 desiderio,

163 2061 298 2132 paratum
315 2057 351 2114 ad
367 2057 597 2114 miscricordiam
614 2063 833 2116 sacrosanctum
847 2059 964 2131 pietatis
981 2063 1082 2131 pectus
1096 2056 1231 2131 appello;
1248 2056 1439 2130 sequestratis
1454 2057 1610 2128 saporibus
1626 2056 1872 2131 peregrinis,oou·

163 2146 292 2204 siderato
307 2150 386 2202 textu
397 2146 502 2219 prioris
517 2146 656 2219 epistole,
672 2164 777 2220 panem
794 2148 909 2218 airum,
926 2164 1015 2221 quem
1029 2151 1130 2204 nostra
1144 2146 1296 2220 provincia
1320 2144 1395 2201 solet
1418 2145 1527 2201 hahere
1545 2145 1737 2217 precipuum,
1762 2145 1873 2202 caelesti

163 2232 251 2293 stiam
267 2249 374 2290 manna
388 2234 617 2302 conditum‚serc
632 2236 761 2307 pulsauti
773 2239 803 2293 et
818 2236 924 2292 lauaem
940 2236 1063 2309 patienti
1079 2252 1137 2291 non
1153 2235 1289 2308 deneges.
1301 2234 1432 2290 Proiecto
1444 2234 1523 2290 enim
1540 2248 1594 2288 uec
1608 2250 1661 2306 ego
1679 2232 1797 2306 pulsare
1809 2249 1873 2291 oes-

163 2322 245 2395 ssbc,
261 2324 352 2379 donec
368 2322 430 2395 ipse
444 2325 605 2382 concedas:
623 2328 656 2382 ut
670 2325 748 2399 quod
764 2341 822 2383 uon
835 2323 974 2399 impetrat
987 2323 1185 2398 privilegium,
1202 2324 1250 2382 uhi
1265 2322 1381 2379 nullum
1395 2330 1438 2379 est
1448 2322 1597 2388 meritum,
1606 2322 1710 2380 saitem
1721 2321 1870 2381 indelessa

161 2408 374 2486 importunitas
390 2415 546 2469 mereatur.

848 2554 1021 2613 setsvoua
1039 2554 1179 2612 GCXXiV.

282 2668 407 2726 Domino
422 2668 573 2727 sinceriter
586 2668 789 2741 dilectissimo,
806 2670 889 2729 fratri
903 2675 932 2727 ct
945 2669 1123 2728 condiacono
1138 2671 1360 2739 Ooonvuuroao,
1375 2670 1564 2739 aneosuros
1578 2668 1746 2743 episcopus.

199 2812 225 2868 i.
242 2813 314 2868 Cum
330 2810 404 2867 mihi
419 2810 479 2867 hec
494 2812 640 2869 scribendi
655 2814 808 2870 oilerretur
823 2812 937 2870 occasio
952 2829 1003 2885 per
1028 2814 1233 2870 Fussalensem
1251 2814 1462 2887 presbyterum,
1479 2828 1565 2885 quam
1580 2813 1753 2870 commendo
1767 2812 1870 2869 Chari-

162 2898 215 2957 iati
230 2903 289 2957 tuto
303 2901 437 2956 recensui
452 2900 606 2973 epistolam
623 2905 716 2966 tuam,
733 2902 762 2957 in
778 2917 838 2973 qua
851 2902 936 2974 petis,
953 2908 986 2959 ut
1008 2902 1045 2959 de
1063 2902 1236 2971 haeresibus,
1253 2919 1317 2974 que
1332 2901 1401 2958 oriri
1417 2905 1575 2975 potuerunt
1588 2917 1623 2958 ex
1637 2901 1822 2973 quatiamini
1837 2900 1869 2958 in

163 3004 251 3046 carne
264 2988 393 3045 nuntiari
409 2988 497 3063 ooepit
511 2989 663 3058 adventus,
680 2988 790 3061 aliquid
808 2990 978 3046 scriberem.
996 2990 1053 3045 ilco
1068 2994 1165 3046 autem
1180 2990 1245 3057 ieci,
1262 2998 1292 3045 ut
1307 2989 1434 3045 viderem
1450 2997 1550 3045 utrum
1560 2991 1623 3062 jam
1639 2989 1774 3046 deberem
1796 3006 1872 3062 opus

162 3076 261 3151 ipsum
278 3078 409 3151 aggredi,
425 3083 454 3135 st
469 3078 536 3135 inde
551 3078 604 3134 tibi
619 3077 731 3151 aliquid
747 3079 881 3148 mittere;
899 3079 948 3134 ubi
964 3079 1166 3136 considerares
1180 3086 1261 3135 tanto
1276 3095 1341 3135 esse
1356 3077 1518 3147 difficilius,
1533 3083 1643 3152 quanto
1656 3079 1700 3135 vis
1713 3078 1789 3136 ellici
1804 3078 1872 3136 hre-

162 3165 240 3224 vius.
261 3166 316 3223 Sed
332 3184 368 3223 ne
380 3166 435 3223 hoc
449 3167 568 3240 quidem
584 3168 676 3240 potui,
692 3167 802 3224 talibus
817 3168 898 3224 euris
912 3168 1188 3240 supervenientibus
1203 3167 1375 3239 impeditus,
1391 3185 1408 3225 a
1423 3167 1531 3241 quibus
1545 3167 1665 3225 omuino
1681 3166 1870 3226 dissimulare

162 3270 221 3313 uon
237 3271 354 3330 possem
368 3272 375 3311 :
391 3272 459 3312 nam
475 3273 522 3314 ms
538 3257 634 3323 abeo,
649 3257 725 3329 quod
741 3256 887 3313 habebam
903 3258 933 3313 iu
949 3258 1098 3325 manibus,
1115 3262 1291 3314 averterunt.

196 3344 225 3400 2.
241 3348 301 3400 Hoc
316 3349 414 3400 autem
430 3348 460 3401 st
474 3346 524 3401 ubi
536 3347 698 3419 respondeo
712 3345 794 3403 libris
808 3345 931 3413 iuliani,
947 3362 1022 3418 quos
1036 3349 1100 3402 coto
1116 3346 1208 3403 edidit
1224 3350 1290 3419 post
1301 3344 1366 3402 illos
1378 3350 1514 3418 quatuor,
1526 3346 1635 3417 quibus
1646 3345 1871 3419 anterespoudi.

161 3430 221 3491 Hos
235 3433 314 3490 anim
330 3450 397 3490 cum
413 3434 511 3491 Rome
526 3435 686 3507 accepisset
699 3434 790 3491 irater
803 3434 936 3508 Alypius,
961 3435 1092 3491 nondum
1117 3451 1220 3491 omncs
1236 3434 1441 3505 descripserat,
1457 3450 1525 3489 oum
1541 3433 1669 3490 oblatam
1686 3436 1870 3492 occasionem

161 3522 256 3581 ualuit
270 3524 425 3596 preterire,
442 3539 493 3596 per
507 3540 596 3596 quam
612 3523 684 3581 mihi
707 3524 836 3597 quinque
860 3524 1043 3594 transmisit3
1063 3524 1240 3598 promittens
1263 3522 1336 3579 alios
1362 3528 1421 3580 tres
1444 3522 1501 3580 cito
1528 3540 1559 3579 se
1571 3540 1635 3580 esse
1648 3524 1822 3592 missurum,
1838 3528 1868 3583 et

161 3610 291 3669 multum
306 3612 422 3668 instans
436 3628 483 3668 me
499 3614 676 3685 respondere
691 3612 848 3669 diiierrem.
864 3614 956 3685 Cujus
977 3612 1118 3669 instantio
1142 3615 1262 3669 coactus
1283 3629 1350 3669 sum
1364 3611 1518 3669 remissius
1531 3628 1616 3685 agere
1631 3613 1709 3685 quod
1724 3614 1847 3687 agebam
1861 3640 1869 3684 ς

162 3702 196 3757 ut
208 3700 287 3771 operi
304 3701 421 3772 utrique
436 3718 492 3757 non
509 3701 652 3773 deessem,
668 3701 720 3758 uui
734 3702 848 3769 diebus,
864 3701 949 3759 alteri
964 3702 1110 3767 noctibus,
1127 3702 1243 3775 quando
1260 3700 1331 3757 mihi
1351 3701 1388 3757 ab
1403 3699 1469 3757 aliis
1482 3700 1723 3773 occupationibus
1738 3701 1808 3759 hino
1822 3707 1867 3760 at·

163 3804 221 3862 qna
235 3788 304 3846 hino
315 3790 414 3846 venire
429 3807 487 3847 uon
503 3790 713 3848 desistentibus
727 3795 904 3863 parceretur.
920 3792 1049 3864 Ageham
1064 3806 1131 3848 vero
1152 3807 1213 3847 rom
1235 3790 1397 3863 plurimum
1414 3791 1627 3847 neeessariam:
1645 3807 1713 3846 nam
1730 3796 1870 3849 retracta·

163 3877 233 3935 ham
247 3877 391 3949 opuscula
405 3894 481 3945 mea,
496 3881 525 3935 ot
539 3878 564 3935 si
581 3878 652 3951 quid
669 3879 756 3936 ineis
770 3896 816 3936 me
831 3880 1000 3948 offenderet,
1015 3879 1059 3936 vel
1075 3878 1148 3937 aiios
1162 3879 1309 3935 offenders
1331 3882 1440 3951 posset,
1457 3878 1564 3951 partim
1579 3879 1773 3950 defendendo,
1789 3882 1869 3953 quod

163 3964 219 4039 legi
236 3966 354 4022 deberet
368 3971 396 4022 et
409 3972 507 4039 posset
520 3967 672 4037 operabar.
687 3968 723 4025 iit
737 3968 795 4024 duc
809 3969 959 4025 volumina
969 3970 1033 4040 jam
1044 3968 1238 4034 absolveram,
1255 3968 1419 4024 retractatis
1433 3967 1572 4025 omnihus
1585 3966 1670 4024 libris
1694 3968 1778 4036 moia,
1802 3984 1872 4041 quc·

162 4070 230 4113 rum
246 4070 401 4111 numerum
418 4055 585 4111 nesciebam
598 4072 605 4111 :
617 4072 725 4129 eosque
739 4057 882 4113 ducentos
897 4055 1016 4129 triginta
1031 4058 1106 4114 duos
1120 4073 1184 4114 esse
1199 4057 1331 4129 cognovi.
1348 4056 1507 4113 itestabaut
1518 4056 1658 4128 epistole,
1674 4057 1778 4114 deinde
1793 4061 1871 4115 trac·

162 4146 243 4201 tatus
258 4142 424 4216 populares,
441 4159 515 4217 quos
530 4144 620 4201 Greci
635 4144 773 4202 homilias
787 4149 900 4202 vocant.
917 4147 953 4201 ut
964 4145 1108 4218 plurimas
1120 4148 1182 4217 jam
1198 4144 1388 4217 epistolarum
1405 4144 1544 4217 legeram,
1561 4146 1612 4201 sed
1627 4145 1724 4202 adhuc
1734 4144 1807 4201 nihil
1824 4147 1869 4203 in-

163 4231 200 4288 de
214 4232 403 4298 dictaveram,
420 4249 485 4289 cum
502 4249 549 4289 mo
565 4234 652 4290 etiam
667 4233 716 4289 isti
730 4234 841 4290 Juliani
855 4231 922 4290 libri
937 4250 1080 4307 occupare
1095 4240 1253 4307 creparent,
1267 4250 1392 4306 quorum
1409 4250 1486 4291 nuno
1500 4240 1604 4305 quarto
1620 4237 1796 4308 respondere
1811 4252 1872 4293 oce·

162 4320 203 4393 pi.
219 4319 341 4386 Quando
355 4336 423 4393 ergo
439 4321 468 4376 id
483 4320 673 4393 explicavero,
683 4322 844 4395 quintoque
860 4324 1081 4395 respondero,si
1097 4328 1157 4380 tres
1173 4340 1230 4379 non
1243 4323 1475 4395 supervenerint,
1492 4324 1616 4396 dispono
1632 4324 1667 4397 (si
1683 4323 1761 4381 Deus
1776 4324 1873 4382 volue-

161 4406 210 4481 rit)
224 4413 252 4465 st
266 4410 345 4481 quod
360 4410 457 4481 poscis
469 4409 607 4483 incipere,
622 4411 711 4467 simul
726 4428 816 4485 agens
832 4417 1000 4484 utrumque,
1014 4418 1044 4469 st
1054 4412 1108 4469 hoc
1124 4412 1245 4481 scilicet,
1260 4416 1289 4469 st
1303 4411 1377 4467 illud
1391 4412 1427 4468 do
1438 4414 1642 4471 retractatione
1655 4412 1868 4485 opusculorum

162 4512 305 4564 meorum,
322 4499 473 4556 nocturnis
500 4503 529 4556 ct
543 4500 658 4557 diurnis
671 4500 853 4573 temporibus
866 4500 895 4556 in
912 4500 1029 4574 singula
1044 4502 1220 4559 distributis.

198 4586 224 4642 3.
242 4586 301 4643 iloo
316 4587 381 4644 ideo
397 4588 542 4645 insinuavi
559 4590 711 4647 Sanctitati
724 4596 790 4658 tua,
807 4595 841 4647 ut
855 4594 997 4664 quantum
1014 4591 1066 4647 tihi
1084 4591 1263 4648 desiderium
1278 4596 1323 4649 est
1337 4590 1473 4648 sumendi
1488 4592 1566 4664 quod
1582 4592 1689 4665 poscis,
1716 4596 1799 4649 tauto
1815 4592 1871 4650 ila·

162 4675 297 4749 gmntius
311 4693 329 4732 a
343 4678 466 4735 Domino
481 4677 553 4734 mihi
570 4696 674 4752 poscas
688 4680 876 4751 adjutorium,
893 4697 951 4753 quc
967 4680 1090 4737 serviam
1107 4681 1247 4738 laudabili
1262 4682 1360 4737 studio
1374 4686 1434 4746 tuo,
1450 4684 1538 4753 atque
1555 4680 1675 4737 utilitati
1686 4698 1787 4739 eorum
1805 4682 1871 4755 qui-

162 4763 221 4821 bus
247 4764 276 4820 id
304 4765 454 4823 existimas
468 4768 667 4839 proluturum,
682 4769 800 4825 domiue
814 4770 967 4826 sinceriter
984 4769 1180 4827 delectissime
1203 4771 1302 4826 irater.
1317 4770 1493 4826 Commendo
1508 4770 1614 4826 iterum
1632 4770 1818 4843 perlatorem,
1843 4774 1873 4829 at

162 4852 313 4927 negotium
341 4858 461 4928 propter
486 4856 564 4927 quod
579 4871 612 4912 eo
628 4858 773 4929 perrexit;
789 4857 815 4913 si
830 4858 1000 4930 cognoveris
1027 4858 1106 4929 apud
1124 4874 1209 4929 quem
1225 4858 1372 4930 agendum
1388 4858 1438 4925 ait,
1453 4861 1519 4929 peto
1540 4874 1575 4914 ue
1595 4859 1694 4932 pigeat
1719 4859 1870 4931 adjuvare.

161 4940 227 4999 Non
242 4941 321 4999 enim
336 4958 496 5016 possamus
524 4945 714 5003 necessitates
742 4945 898 5003 hominum
913 4946 1060 5019 ejusmodi
1075 4947 1219 5014 deserere,
1234 4946 1284 5019 qui
1298 4946 1392 5003 nostri
1407 4963 1466 5003 non
1481 4946 1587 5016 coloni,
1603 4947 1665 5021 sed,
1678 4948 1756 5021 quod
1770 4948 1869 5020 maim

162 5034 218 5105 est,
229 5031 336 5089 iratres
350 5036 429 5102 sunt,
445 5036 474 5090 et
487 5033 518 5089 in
532 5033 673 5092 charitate
688 5034 795 5092 christi
810 5035 847 5092 ad
862 5051 965 5093 curam
977 5035 1124 5110 pertinent
1139 5041 1280 5094 nostram.
1297 5040 1355 5092 ileo
1369 5036 1459 5092 vivas.
