3908 6128
71 294 74 299 ⁴
114 319 173 378 rer
496 313 652 375 courel
675 309 862 374 rausruu
883 307 1144 381 urrunnun,
1169 310 1201 369 s.
1224 307 1438 370 iocosum
1761 306 1823 368 tea

119 454 179 506 tarn
191 447 278 502 bomo
290 446 420 517 iniquus,
434 460 499 500 cum
512 448 630 516 propter
644 461 675 498 se
690 443 769 514 ipsas
783 440 879 512 diligit
894 457 940 496 res
994 441 1195 513 peccatoribus
1206 441 1358 496 moriendo
1371 458 1377 495 :
1391 439 1449 496 Deo
1461 445 1557 496 tamen
1568 440 1619 496 uni
1632 439 1750 512 utrique
1761 456 1824 496 scr·

13 580 16 585 .
118 540 237 610 propter
251 533 330 590 aliud
347 535 552 599 assumendas,
569 537 598 588 et
613 535 730 604 propter
741 529 819 587 aliud
831 529 942 602 appetit
992 530 1116 599 vierunt,
1130 529 1734 602 perdiversaetcongruatemporadocenti
1745 529 1825 586 bona

118 642 164 681 res
178 628 296 697 propter
308 638 339 679 se
353 623 434 693 ipsas
451 621 624 693 diligendas.
638 621 686 676 Sic
696 619 785 688 enim,
797 623 940 690 quantum
993 618 1823 691 temporaliaetasepetendaetpropterseeoutemnenda,

115 714 281 786 impunest,
291 711 442 784 perturbat
450 712 479 766 in
489 728 520 767 se
528 711 660 766 ordinem
671 707 845 776 naturalem,
853 724 941 779 quern
992 706 1142 763 molestias
1152 705 1339 778 temporales,
1349 715 1377 763 et
1387 725 1404 762 a
1416 723 1448 762 se
1458 723 1544 778 posse
1555 706 1708 779 imperari¹
1719 711 1825 779 etpro-

116 802 163 858 lex
172 806 280 858 aterna
290 801 453 856 conservari
462 800 559 872 jubet,
572 800 616 855 Tit
627 803 726 855 autem
737 797 939 868 homoJustus,
991 800 1096 868 pterea
1107 797 1211 853 debere
1222 795 1350 852 tolerari.
1362 796 1437 863 Quid
1446 812 1516 868 ergo
1524 795 1824 869 crudelellloyeesaut

21 938 24 943 .
116 908 181 947 cum
194 893 231 947 ob
241 890 320 946 aliud
330 907 387 947 nou
397 888 729 962 appetitrebusuti‚oisi
739 888 940 959 propterquod
992 885 1142 942 mandavit
1156 885 1295 954 sutfecit,
1313 901 1381 941 cum
1396 885 1589 942 commissum
1605 886 1660 942 sibi
1677 884 1824 958 populum

116 981 257 1038 divinitus
269 980 408 1037 institute
420 979 574 1051 suut3ipso
586 982 684 1033 autem
692 977 750 1033 Deo
759 976 816 1032 frui
825 981 942 1048 propter
992 980 1094 1032 sancte
1103 974 1200 1031 zelans
1212 980 1240 1031 et
1251 974 1302 1030 uni
1313 991 1380 1031 vero
1389 974 1619 1030 Deo¹subditum
1630 974 1764 1047 cupiens,
1773 991 1824 1047 po·

114 1069 225 1143 ipsum,
237 1085 328 1140 saque
338 1073 368 1124 et
380 1067 474 1125 amico
486 1067 514 1122 in
526 1067 589 1139 ipso
601 1070 657 1123 Deo
672 1070 790 1139 propter
804 1065 940 1120 eumdem
993 1063 1331 1137 steuquamcognovitad
1347 1063 1550 1119 fabricandum
1566 1068 1595 1120 et
1609 1063 1768 1120 colendum
1779 1063 1822 1120 id·

115 1158 214 1232 ipsum
226 1162 327 1214 Deum.
340 1155 646 1229 Propterueumenim
655 1159 734 1210 amat
742 1153 880 1221 amicum,
890 1153 941 1226 qui
992 1151 1071 1208 olum
1082 1152 1238 1210 defluxisse
1247 1157 1435 1224 mentemque
1444 1152 1623 1225 impudicam
1631 1152 1822 1225 prostituisse

8 1248 11 1261 '
114 1246 165 1305 Dei
174 1246 538 1304 amoremamatinamico.
549 1245 613 1300 Sive
621 1243 875 1315 auteminiquitas,
883 1243 942 1299 sive
992 1242 1186 1313 damonibus,
1198 1243 1228 1297 in
1237 1258 1347 1314 paucos
1357 1258 1458 1298 eorum
1466 1241 1617 1298 vindicans
1626 1241 1734 1315 gladio,
1745 1258 1821 1313 quos

112 1336 241 1410 justitia,
259 1335 316 1391 nisi
331 1338 409 1392 esset
423 1335 452 1390 in
474 1334 632 1401 voluntate,
649 1349 706 1388 non
721 1335 800 1388 essct
815 1333 844 1387 in
861 1335 940 1403 pote-
991 1329 1068 1386 Deus
1078 1331 1141 1403 ipse
1152 1348 1240 1402 quem
1256 1332 1450 1400 offenderant,
1465 1329 1523 1386 alto
1538 1335 1567 1387 et
1582 1336 1693 1388 secreto
1702 1330 1821 1402 judicio

116 1430 200 1482 state.
218 1424 307 1480 Porro
322 1423 348 1480 si
364 1425 393 1479 in
410 1427 553 1496 potestate
569 1439 626 1478 non
642 1427 729 1491 esset,
747 1419 860 1476 nullum
873 1438 943 1493 pre·
991 1419 1137 1476 feriendos
1148 1419 1288 1477 voluisset
1300 1437 1368 1476 mox
1379 1419 1493 1487 serire¹,
1505 1424 1533 1476 st
1544 1419 1574 1475 in
1591 1421 1726 1492 presenti
1738 1420 1821 1477 salu-
1851 1455 1855 1463 ‚

2 1570 4 1575 .
117 1513 220 1583 mium,
237 1513 319 1568 nulla
343 1529 428 1584 pmna
448 1512 529 1583 justa
548 1516 642 1568 esset:
659 1510 736 1581 quod
753 1525 838 1565 nemo
854 1509 940 1581 sapit,
992 1508 1084 1565 briter
1107 1509 1219 1579 terruit,
1235 1513 1263 1565 et
1278 1509 1465 1581 disciplinam
1481 1509 1511 1564 in
1532 1513 1682 1581 posterum
1697 1509 1823 1566 sanxit?

117 1603 172 1659 nisi
190 1603 240 1674 qui
257 1603 374 1675 desipit.
404 1601 572 1674 Ignorantia
596 1616 662 1656 vero
682 1605 711 1655 et
726 1598 893 1668 infirmitas,
908 1603 942 1654 ut
991 1595 1064 1653 Nam
1076 1613 1143 1653 eum
1155 1597 1429 1663 nullacrudelitate,
1439 1597 1489 1654 sed
1499 1614 1606 1671 magna
1616 1597 1772 1655 dilectione
1780 1599 1823 1656 se·

115 1690 160 1749 vel
176 1692 287 1748 nesciat
303 1692 391 1747 bomo
407 1691 477 1762 quid
502 1689 576 1746 velle
594 1690 707 1756 debeat,
724 1688 768 1744 vel
784 1706 842 1744 non
855 1705 941 1745 omne
992 1685 1067 1741 cissa
1084 1687 1161 1758 quod
1176 1688 1255 1756 lecit,
1272 1690 1339 1759 quis
1355 1704 1414 1743 nou
1429 1687 1458 1742 iu
1473 1687 1569 1744 verbis
1579 1688 1644 1759 ejus
1654 1694 1823 1761 agnoscant

3 1796 6 1801 ·
118 1783 195 1854 quod
207 1780 330 1838 voluerit
341 1781 444 1852 possit,
456 1778 612 1836 exocculto
624 1795 775 1851 poenarum
786 1778 941 1833 ordineva·
992 1775 1104 1832 orantis
1119 1793 1172 1849 pro
1187 1781 1305 1848 peccato
1322 1793 1434 1845 eorum,
1451 1782 1480 1833 et
1494 1776 1637 1833 dicentis:
1654 1776 1685 1833 st
1697 1778 1823 1836 dimittis

118 1871 171 1930 nit.
188 1876 217 1926 et
232 1869 290 1926 illis
306 1868 548 1925 inscrutabilibus
559 1867 680 1939 judiciis
691 1867 752 1932 Dei,
764 1867 839 1938 apud
852 1882 940 1938 quem
991 1864 1210 1937 tiliamentum,
1219 1867 1329 1923 dimitte
1338 1868 1401 1931 nin
1412 1870 1517 1936 autem,
1529 1866 1589 1923 dele
1598 1866 1761 1924 mdelibro
1771 1872 1822 1926 tuo

119 1976 176 2015 non
192 1963 237 2014 est
251 1958 390 2029 iniquitas
405 1958 491 2022 (Rom.
509 1974 547 2021 rx,
565 1956 619 2028 ll).
635 1955 785 2011 Proditum
802 1959 847 2011 est
861 1955 939 2010 enim
991 1954 1090 2022 (deod.
1107 1955 1218 2025 xxx11l‘l
1245 1958 1425 2028 comparans
1452 1972 1521 2029 ergo
1545 1955 1750 2030 unusquisque
1769 1957 1821 2030 pio

3 2034 8 2045 '
117 2045 202 2102 uobis
214 2051 365 2117 peccatum
377 2044 469 2098 Adam
486 2042 563 2098 fideli
579 2042 695 2115 eloquio
711 2042 941 2113 Dei;etquiain
992 2042 1820 2118 prudeusillamcaedemetbauoprecam,videtprolecto

119 2135 169 2191 illo
180 2149 281 2190 omues
290 2134 466 2201 moriuntur,
476 2136 503 2186 et
512 2132 581 2205 quia
589 2148 639 2203 per
647 2129 729 2187 illum
738 2136 889 2203 peecatum
899 2130 941 2187 iu·
991 2133 1187 2204 apertissime,
1200 2133 1278 2189 videt
1286 2139 1429 2206 quantum
1440 2135 1552 2190 malum
1562 2135 1600 2191 eit
1608 2135 1711 2191 anime
1721 2135 1821 2206 perai-

117 2222 244 2279 travitin
257 2221 334 2276 buno
346 2221 500 2290 mundum,
511 2225 541 2276 et
551 2237 602 2293 per
618 2226 768 2292 peecatum
784 2236 873 2290 mors,
890 2237 940 2277 ve·
991 2220 1295 2278 mulaeradeemenum
1303 2222 1449 2280 fornicari.
1458 2222 1818 2296 quandosicsaevitquisic

1 2372 5 2381 ,
117 2312 222 2368 raeiter
237 2312 379 2382 scriptum
394 2315 439 2366 est
453 2309 503 2378 (ld.
520 2326 548 2375 v,
566 2309 672 2382 12-19).
699 2310 734 2364 ut
753 2313 822 2381 quia
836 2326 870 2364 ex
886 2309 940 2365 bac
991 2316 1079 2365 amat.
1097 2311 1144 2367 Sic
1161 2310 1244 2382 plane
1259 2315 1288 2366 et
1309 2311 1477 2385 Apostolus,
1503 2329 1560 2368 uon
1580 2312 1747 2382 crudeliter,
1763 2313 1817 2370 sad

118 2418 204 2476 prens
215 2399 557 2472 corpuscorrumpiturel
565 2397 849 2471 aggravatanimam,
859 2399 940 2454 etde·
991 2398 1435 2456 amabilitertradiditbominem
1444 2405 1552 2457 satauae
1560 2401 1588 2457 in
1599 2401 1816 2459 interilumcar

43 2525 46 2529 -
119 2488 220 2562 primit
235 2497 350 2543 terrena
365 2487 506 2543 habitatio
521 2503 640 2543 sensum
657 2486 751 2543 multa
763 2487 939 2559 cogitantem
991 2487 1047 2557 nis,
1060 2488 1223 2560 utspiritue
1239 2488 1338 2546 salvus
1353 2489 1392 2545 sit
1407 2490 1436 2544 in
1452 2489 1740 2560 dieuominitesud
1752 2493 1816 2549 Cer.

8 2640 13 2649 ,
119 2579 194 2651 (Sap.
208 2595 248 2646 rx,
259 2578 314 2644 15),
325 2577 512 2632 verissimum
524 2576 668 2648 nobisque
679 2576 866 2632 notissimum
877 2581 937 2633 est:
989 2593 1016 2646 v,
1027 2577 1065 2647 5).
1077 2576 1210 2632 Tradidit
1220 2582 1248 2633 et
1259 2575 1342 2643 alios,
1352 2578 1601 2634 utdiscerentnou
1611 2579 1818 2650 blasphemare

117 2672 146 2724 et
157 2666 270 2740 quiade
281 2666 425 2739 bacjosta
437 2683 586 2738 poenanon
597 2665 762 2722 liberatnisi
774 2666 940 2723 misericors
990 2665 1013 2737 (l
1030 2665 1095 2720 Tim.
1113 2682 1131 2729 1,
1147 2666 1203 2738 20).
1221 2667 1335 2738 Legunt
1349 2666 1512 2738 scripturas
1527 2668 1708 2741 apocryphas
1724 2668 1818 2726 blani-

116 2756 222 2831 gratia,
237 2761 350 2811 certum
366 2759 420 2811 est.
437 2755 471 2810 let
487 2754 554 2810 binc
569 2754 725 2827 Apostolus
736 2756 939 2828 gemebundus
990 2753 1073 2818 ebaei,
1085 2771 1102 2809 a
1113 2754 1210 2811 nescio
1221 2755 1328 2828 quibus
1340 2756 1491 2812 sutoribus
1504 2756 1668 2813 fabularum
1680 2758 1820 2831 subllpo·

23 2894 26 2899 .
116 2847 278 2902 exclamat:
296 2845 399 2916 infelix
419 2860 470 2913 epo
493 2850 593 2900 temo!
616 2845 678 2916 quic
702 2861 744 2900 me
764 2845 894 2901 liberabit
906 2846 940 2902 de
989 2842 1131 2899 stolorum
1144 2843 1261 2899 nomine
1272 2843 1416 2916 scriptas:
1431 2861 1494 2916 que
1506 2861 1626 2901 suorum
1638 2847 1818 2919 scriptorum

8 2994 12 3017 ἑ
115 2933 619 3007 corporemerlisbujustdrotioDei
631 2934 785 3003 pertesum
800 2932 940 2989 Christum
989 2932 1169 3002 temporibus
1185 2933 1215 2987 in
1232 2934 1435 2989 auctoritatem
1451 2938 1560 2989 sancte
1575 2932 1709 2991 llcclesie
1724 2933 1818 3007 recipi

117 3024 264 3079 Dominum
291 3025 413 3079 reostrum
442 3023 531 3094 (llum.
560 3038 602 3075 v11
620 3021 666 3088 ut,
683 3022 737 3091 25).
752 3022 806 3077 Sed
821 3039 885 3095 quo
900 3022 939 3078 sit
990 3025 1182 3087 mererentur,
1194 3019 1219 3075 si
1230 3021 1323 3075 sancti
1335 3025 1363 3076 et
1378 3020 1456 3077 docti
1472 3020 1616 3091 homines,
1633 3022 1682 3093 qui
1698 3026 1768 3078 tune
1784 3022 1822 3080 in·

117 3111 285 3167 distributio
292 3110 454 3182 judicantis
464 3116 494 3166 et
504 3110 669 3167 miserentis
678 3110 876 3178 Dei,curalius
885 3111 937 3180 sic,
990 3108 1045 3165 hae
1055 3109 1115 3164 vita
1124 3113 1208 3165 erant
1218 3115 1247 3165 et
1258 3109 1425 3165 examinare
1437 3109 1506 3166 talia
1521 3115 1668 3183 poterant,
1682 3127 1733 3168 eos
1747 3127 1819 3169 vera

119 3200 195 3257 alius
206 3205 302 3256 autern
313 3200 369 3266 sic;
382 3198 503 3256 occultis
516 3200 548 3254 sit
557 3199 755 3270 causis‚justis
765 3200 938 3256 tamenNon
989 3197 1105 3254 loeutus
1115 3213 1180 3254 essa
1190 3203 1406 3271 cognoscerent
1421 3199 1463 3254 lbi
1475 3203 1573 3255 tamen
1583 3199 1686 3273 legunt
1696 3204 1816 3273 sposto-

115 3295 215 3346 tamen
230 3289 294 3344 ideo
306 3289 453 3345 nescimus
464 3288 563 3344 omnia
572 3287 748 3359 istajudicio
759 3293 810 3344 aut
825 3289 938 3345 miseri·
989 3286 1051 3343 lum
1063 3287 1216 3354 Thomam‚
1228 3304 1295 3343 curn
1304 3288 1418 3344 essetin
1428 3289 1556 3360 quodam
1566 3289 1735 3363 nuptiarum
1745 3305 1817 3346 con·

117 3377 217 3434 cordia
241 3377 288 3432 Dei
306 3376 503 3448 sterilitatis
520 3378 618 3433 abdito
632 3376 734 3448 positis
750 3377 896 3433 mensuris
910 3382 940 3434 et
988 3375 1063 3432 vivio
1073 3376 1749 3451 peregrinusetprorsuaineognitus,aquodam
1757 3378 1817 3435 mi·

27 3505 30 3509 -
119 3465 250 3522 numeris
262 3471 290 3522 et
300 3465 940 3537 ponderibus,quibusomniadisponontura
990 3464 1082 3520 nistre
1093 3465 1191 3536 palma
1201 3481 1384 3538 percussum¹
1395 3465 1589 3538 imprecatum
1603 3466 1693 3524 luisse
1702 3467 1818 3526 bomini

117 3555 175 3613 Deo
186 3559 315 3612 creatore
328 3555 459 3610 omnium
471 3572 535 3627 quae
547 3554 719 3610 naturaliter
728 3560 797 3610 sunt
808 3557 881 3628 (Sap.
898 3573 939 3625 xi,
990 3553 1160 3610 continuant
1171 3570 1337 3627 saevamque
1346 3552 1818 3629 vindictamNamcumegressus

115 3645 162 3716 21)
173 3662 179 3711 ;
192 3659 245 3700 nec
256 3649 384 3712 auctore,
397 3645 447 3700 sed
458 3650 557 3700 tamen
568 3644 734 3700 ordinatore
744 3644 832 3701 etiam
842 3661 940 3715 pecca·
990 3642 1095 3699 luisset
1105 3644 1141 3699 ad
1154 3645 1276 3710 lentem,
1288 3644 1366 3700 unde
1376 3661 1484 3716 aquam
1496 3645 1718 3702 convivantibus
1731 3647 1818 3703 mini·

118 3738 235 3801 torum;
252 3737 410 3803 utraque
426 3737 543 3804 peccata
559 3750 616 3789 nnn
642 3738 751 3800 essent,
768 3733 823 3790 nisi
840 3740 940 3791 contra
990 3735 1107 3801 straret,
1120 3749 1186 3788 eum
1199 3732 1244 3789 leo
1256 3733 1371 3789 irruens
1380 3732 1728 3808 interemit,mauumque
1738 3737 1816 3808 ejus,

117 3822 940 3893 naturamessent,sicJudiceuturetordinentur,neuni·
990 3837 1047 3893 qua
1063 3826 1151 3893 caput
1165 3821 1294 3894 Apostoli
1310 3822 1364 3879 levi
1379 3822 1438 3879 ictu
1455 3830 1648 3896 percusserat,
1664 3842 1681 3880 a
1696 3841 1819 3899 corpore

6 3974 10 3979 ¹
117 3910 263 3967 versitatis
276 3916 410 3966 naturam
421 3910 587 3966 turbarevel
596 3912 938 3983 turparepermiltantur,
991 3908 1134 3980 avulsam,
1159 3911 1321 3967 secundum
1344 3912 1465 3968 verbum
1490 3913 1622 3984 ejusdem
1645 3913 1771 3986 apostoli
1786 3913 1819 3970 id

116 3999 288 4055 maritorum
300 4015 433 4069 suorum,
446 3997 517 4054 loeis
526 4002 555 4054 et
566 3998 781 4055 conditionibus
789 4000 938 4073 deputata.
990 3999 1120 4072 optantis
1136 4005 1223 4071 atque
1234 3999 1436 4072 imprecantis,
1447 4001 1529 4058 canis
1540 4001 1642 4059 intulit
1652 4002 1774 4076 mensis,
1786 4003 1818 4060 in

116 4089 184 4154 Qus
196 4103 262 4142 cum
274 4087 316 4142 ita
327 4087 396 4154 sint,
407 4091 436 4142 et
445 4104 512 4143 cum
525 4103 576 4159 per
587 4087 640 4142 hoc
656 4093 800 4143 secretum
812 4090 938 4160 judicio·
992 4088 1102 4160 quibus
1112 4088 1176 4160 ipse
1186 4088 1389 4145 discumbebat
1399 4090 1566 4162 Apostolus.
1578 4090 1651 4155 Quid
1664 4091 1717 4148 boc
1726 4091 1821 4148 videri

117 4192 182 4232 rum
194 4175 244 4232 Dei
257 4181 413 4248 motusque
424 4178 620 4232 humanarum
631 4177 816 4232 voluntatum
828 4171 939 4234 eisdem
992 4176 1141 4234 crudelius
1151 4181 1247 4249 potest
1257 4176 1271 4232 l
1282 4181 1388 4234 Verum
1401 4178 1470 4250 quia
1480 4178 1531 4244 ibi,
1544 4180 1599 4235 uisi
1611 4185 1708 4237 tamen
1720 4178 1820 4250 fallor,

115 4265 359 4339 prosperitatibus
374 4265 424 4321 alii
435 4270 672 4337 corrumpantur,
684 4265 732 4320 alii
744 4270 941 4338 temperanter
992 4267 1046 4322 boc
1065 4267 1152 4322 etiam
1168 4267 1310 4338 scriptum
1326 4272 1381 4338 eet,
1398 4268 1475 4340 quod
1491 4268 1517 4325 ei
1532 4269 1646 4325 veniam
1661 4269 1692 4326 in
1710 4269 1820 4326 seculo

119 4358 260 4421 utantur3
281 4354 392 4410 eisdem
418 4353 645 4410 adversitatibus
661 4352 709 4410 alii
727 4354 874 4422 deliniant,
890 4353 939 4412 alii
990 4355 1822 4432 luturopetiverit,fectaestcompensatiobenelieiimajo·

19 4430 26 4439 ’
116 4443 291 4515 proficiant;
308 4460 434 4515 cumque
450 4442 514 4515 ipsa
529 4443 659 4499 bumana
674 4442 867 4517 mortalisque
882 4445 941 4502 vita
992 4445 1822 4520 ris3utetnpostelusquamcharnsDeoeaset,perbuncti·

116 4531 239 4587 tentatio
256 4531 295 4586 sit
309 4548 398 4603 super
421 4537 529 4588 terram
548 4533 615 4604 (lob.
632 4549 682 4598 vn,
699 4533 745 4603 ll:
763 4532 830 4604 quis
845 4533 939 4590 humi·
992 4535 1490 4608 moremcommendareturignotis,
1506 4535 1590 4594 atilli
1606 4537 1762 4609 posthanc
1777 4539 1822 4594 vi·

27 4660 30 4669 ·
117 4619 940 4694 uumnovitcuiprositautobsitiupacereguarevelser·
992 4628 1053 4680 tam
1083 4623 1261 4696 quandoque
1287 4624 1447 4680 finiendam
1472 4625 1502 4681 in
1528 4629 1669 4683 eternum
1683 4625 1822 4684 consula·

114 4710 186 4780 vire,
202 4708 245 4765 vel
262 4724 372 4775 vacare,
389 4708 432 4764 vel
448 4708 533 4775 mori,
549 4708 579 4763 in
595 4709 669 4766 bello
684 4714 782 4765 autem
793 4709 836 4766 val
848 4711 940 4784 impe·
992 4717 1084 4770 retur.
1113 4713 1215 4770 Utrum
1243 4712 1294 4769 illa
1320 4730 1388 4770 vera
1412 4714 1450 4771 sit
1476 4720 1527 4772 aut
1539 4716 1665 4772 conficta
1679 4716 1821 4787 narratio,

12 4834 15 4839 -
115 4814 191 4864 rare,
209 4795 252 4851 vel
269 4812 409 4868 pugnare,
426 4795 470 4851 vel
486 4796 610 4864 vincere,
627 4795 669 4851 vel
681 4796 941 4856 oceiditeumboc
994 4801 1067 4858 nihil
1091 4818 1156 4857 mea
1186 4818 1264 4858 nunc
1290 4803 1422 4860 interest.
1445 4809 1525 4861 certe
1552 4804 1630 4862 euim
1656 4805 1823 4878 Manichaei,

114 4892 215 4942 tamen
245 4889 368 4948 constet,
394 4888 422 4938 et
447 4884 493 4940 cui
510 4884 785 4956 prodest,nonuiei
803 4887 941 4958 perdivi·
992 4890 1142 4963 aquibus
1165 4889 1221 4945 ille
1246 4890 1409 4964 scripturas,
1439 4894 1821 4964 qusscanoneeclesiasti-

117 4992 189 5033 uum
205 4975 345 5048 prodesse
360 4972 557 5039 beneficium
580 4977 610 5029 et
632 4974 678 5030 cui
701 4974 794 5043 obest,
811 4977 941 5034 nonnisi
995 4996 1047 5036 eus
1063 4978 1186 5051 respuit,
1212 4983 1354 5051 tanquam
1378 4997 1449 5037 vera
1473 4987 1561 5054 atqua
1585 4984 1704 5039 sincere
1718 4998 1822 5056 aceep-

118 5082 170 5139 per
183 5065 316 5121 divinum
331 5064 436 5119 obesse
447 5061 606 5132 iudicium·
994 5073 1104 5137 tantur,
1122 5067 1226 5125 saltem
1251 5068 1319 5124 bino
1342 5074 1488 5143 coguntur
1511 5071 1605 5139 lateri,
1632 5071 1772 5129 virtutem
1785 5072 1824 5129 il·

993 5157 1225 5231 lampatiautia,
1251 5174 1340 5229 quam
1366 5159 1451 5215 docet
1478 5161 1632 5229 Dominus,
1660 5160 1775 5229 diosus,
1792 5160 1826 5219 Si

154 5207 272 5263 CAPUT
280 5205 397 5263 LXXIX·
410 5203 525 5269 ‘Quid
538 5219 606 5277 ⁶¹8⁰
617 5202 767 5261 5¹¹³i¹im¹¹⁸
778 5205 807 5261 5¹¹
818 5211 941 5266 temem'
996 5250 1057 5320 quis
1072 5252 1097 5304 te
1111 5248 1276 5319 percusserit
1286 5248 1316 5304 in
1327 5249 1472 5305 maxillam
1481 5258 1558 5307 tuom
1566 5249 1716 5322 dexterum
1724 5251 1826 5324 praebe

119 5294 180 5349 rias
192 5294 444 5365 reprehensiones,
455 5298 541 5364 atque
553 5291 666 5348 utinam
674 5291 838 5363 bominum,
849 5302 942 5355 etnon

13 5432 16 5439 .
116 5381 194 5436 Dei?
213 5384 370 5439 servierint
390 5384 609 5456 dispensatores
625 5382 737 5467 Veteris
752 5384 942 5456 Testamenti,
1028 5415 1133 5473 ,ΕΜ
1161 5415 1305 5478 ,mmm

121 5468 140 5482 ..
415 5471 421 5484 .
594 5469 600 5481 .
784 5472 789 5483 ,
1333 5418 1366 5469 lt
1386 5419 1458 5478 bles..
1483 5419 1623 5485 impercrs‘3
1639 5422 1755 5484 excepto
1768 5433 1825 5472 uno

120 5468 268 5540 iidemque
278 5477 521 5543 praenuntiatores
531 5471 602 5526 Novi
612 5470 801 5541 Testamenti,
815 5481 944 5545 peceato·
993 5478 1155 5537 corbeiensi,
1172 5478 1218 5551 qui
1234 5477 1324 5541 habet,
1343 5482 1491 5546 temperari.

2 5558 12 5587 ·'
119 5573 167 5614 rea
181 5556 339 5615 occidendo
351 5577 358 5626 ς
372 5559 524 5616 servierint
535 5559 751 5633 dispensatores
762 5560 833 5617 Novi
846 5563 945 5622 Tasta-
1025 5542 1037 5640 ζ
1043 5541 1432 5669 ὃθῇξῗῗὲιῗξὴῗέἲὼῇὺᾞ
1442 5545 1826 5737 fflfi‘ssmlmaewul„

120 5643 222 5718 manti,
238 5644 383 5719 iidemque
398 5649 575 5722 expositores
595 5646 708 5710 Veteris
723 5648 913 5725 Testamenti,
927 5671 946 5714 a
995 5678 1066 5718 aree.
1080 5665 1112 5718 lu
1124 5663 1290 5722 corbeiensis
1301 5669 1393 5722 sutem
1406 5668 1487 5734 ubre,
1502 5669 1621 5727 antee
1634 5683 1670 5723 cv
1683 5670 1748 5724 ert.
