3908 6128
1457 250 1827 263 —u—--—·—

306 348 745 456 novunsus
790 351 1171 489 quasque
1211 353 1642 479 amasses,

601 649 757 714 course
781 648 957 721 ouruoun
977 649 1153 712 nosrrou
1177 651 1346 727 caunas,

791 788 1148 880 TRACTATUS.

154 1034 271 1091 CAPUT
287 1033 439 1090 PRIMUM.
455 1064 491 1077 -
506 1035 532 1091 1.
549 1035 675 1109 Quinque
696 1052 798 1107 persero
816 1038 943 1094 besdum.
1001 1053 1047 1094 res
1062 1041 1133 1094 sunt
1147 1037 1301 1095 nobiscum
1316 1054 1405 1113 qnam
1427 1055 1495 1097 cum
1519 1039 1589 1107 illis,
1605 1037 1764 1099 Nobiscum
1779 1044 1826 1101 esi

119 1107 242 1166 Debitor
257 1122 334 1174 sum,
351 1107 454 1174 ieteor,
471 1122 529 1162 non
549 1108 723 1164 necessitate
737 1113 867 1181 cogente,
884 1110 946 1176 ssd,
1000 1113 1112 1182 Moyses
1124 1108 1824 1185 illemagnusamicusDel,quiutbostemvince·

121 1180 201 1252 quod
217 1184 263 1234 est
276 1177 489 1246 vehementius,
500 1177 651 1237 charitate.
667 1180 729 1236 Non
743 1184 804 1236 tum
819 1181 855 1237 ad
867 1196 947 1236 com·
1002 1185 1046 1236 ret
1057 1180 1248 1252 preliantem,
1262 1184 1413 1239 manased
1425 1183 1826 1256 coelumextendlt,jamtunc

118 1250 290 1325 pellendum
307 1254 402 1321 potest
416 1264 482 1306 esse
496 1248 641 1307 molestus
664 1256 789 1322 exactor,
807 1268 896 1323 quam
912 1253 948 1308 ad
1003 1252 1126 1324 figuram
1139 1254 1234 1309 crocis
1245 1253 1353 1310 Christi
1366 1256 1537 1311 ostendens:
1547 1256 1610 1327 ipse
1620 1254 1718 1312 divino
1732 1255 1826 1329 imps-

119 1322 321 1380 reddendum¹
337 1320 460 1377 devotus
475 1326 520 1377 est
535 1321 658 1377 debitor.
678 1323 735 1379 Sed
760 1331 793 1378 ot
809 1323 947 1395 impleam
1002 1322 1054 1387 rio,
1072 1324 1213 1380 tumentis
1229 1325 1310 1395 ponti
1325 1324 1472 1382 volventes
1488 1326 1624 1382 flexuosis
1638 1325 1753 1383 sinibus
1770 1343 1825 1384 un·

118 1395 198 1467 quod
211 1391 344 1466 promisi,
358 1393 493 1462 adjuvate
507 1409 553 1448 me
567 1393 677 1449 sanctis
692 1394 871 1450 orationibus
885 1410 947 1450 ves·
1002 1394 1083 1462 das¹,
1100 1411 1159 1451 uno
1173 1396 1260 1468 virge
1274 1412 1415 1469 percussu
1426 1397 1598 1467 trajiciendo
1609 1396 1716 1470 populo
1726 1397 1826 1455 aridos

117 1469 185 1529 tris,
202 1472 235 1521 ut
247 1463 325 1520 Deus
340 1463 527 1535 omnipotens
542 1465 591 1519 det
613 1465 738 1536 gratiam
763 1465 948 1522 sermonibus
1002 1464 1088 1520 vertit
1103 1467 1133 1521 iu
1146 1482 1276 1538 campos.
1292 1467 1452 1524 Nobiscum
1467 1472 1511 1524 eet
1525 1469 1612 1524 iesus
1647 1473 1693 1525 cst
1707 1472 1825 1542 Moysen

119 1537 201 1605 meis,
215 1540 243 1591 et
267 1535 452 1591 satisfaciam
469 1536 526 1607 piis
542 1537 692 1592 mentibus
706 1543 735 1592 et
749 1536 870 1592 auribus
884 1553 946 1592 ves·
1002 1533 1103 1609 populi
1118 1537 1178 1593 dux
1192 1537 1355 1609 israelitici,
1373 1539 1552 1595 fortissimus
1568 1484 1723 1611 preiiator,
1739 1542 1826 1613 cujus

116 1611 185 1665 tris.
196 1608 225 1663 si
236 1606 407 1662 meminisse
417 1607 581 1678 dignamini
593 1608 642 1678 qui
655 1609 683 1662 in
694 1612 825 1679 tempore
836 1608 946 1663 adluis·
1001 1608 1090 1663 ctiam
1106 1624 1212 1664 nomen
1229 1609 1338 1665 indicat
1347 1610 1524 1665 salvatorem
1537 1627 1546 1664 .·
1559 1611 1621 1682 ipse
1632 1612 1760 1681 potentia
1770 1628 1826 1668 sus
1928 1642 1931 1647 ·

117 1681 171 1746 tis,
188 1678 319 1750 quinquo
334 1677 463 1732 bostium
479 1694 586 1749 genera
601 1694 666 1734 esse
681 1679 811 1734 diximus
826 1686 946 1735 :contra
1001 1683 1029 1734 et
1043 1679 1140 1734 diviua
1156 1680 1273 1747 liducia,
1290 1681 1379 1748 diem,
1395 1682 1441 1737 sui
1463 1698 1568 1737 cursus
1583 1687 1676 1737 metes
1690 1698 1726 1738 ns
1740 1699 1824 1754 pera·

119 1767 187 1822 qnae
201 1749 398 1822 expugnanda
412 1749 547 1804 inducias
563 1750 786 1822 postulavimus,
803 1756 836 1805 ut
846 1766 944 1806 neces·
1001 1757 1091 1823 geret,
1108 1753 1231 1819 statuit;
1246 1754 1362 1808 cinocti
1375 1770 1410 1808 ne
1420 1754 1570 1809 accederet
1581 1754 1745 1826 imperavit.
1758 1754 1825 1826 lpse

120 1821 200 1878 scria
218 1837 300 1877 arma
325 1836 487 1892 praeparare
509 1836 674 1902 possamus.
700 1821 868 1877 Promissus
882 1823 945 1878 dies
1001 1821 1131 1894 gentium
1149 1838 1241 1894 reges,
1258 1840 1314 1878 non
1337 1824 1521 1895 singillatim,
1545 1825 1596 1880 sed
1622 1839 1675 1880 con
1698 1825 1822 1897 rogelim

120 1892 227 1961 illuxit,
243 1908 296 1948 nos
312 1907 430 1964 quoque
445 1890 570 1963 impigre
592 1893 628 1947 ad
655 1898 801 1948 certamen
823 1893 945 1949 Domino
1000 1892 1158 1964 superavit,
1170 1895 1335 1964 captivavit,
1349 1895 1524 1960 humiliavit,
1536 1894 1650 1952 occidit.
1689 1897 1822 1953 obiscum

120 1965 278 2034 adjuvante
293 1962 502 2034 processimus.
518 1962 704 2033 Adjutorium
721 1970 854 2019 nostrum
866 1982 883 2020 a
894 1965 947 2020 Do·
999 1971 1044 2020 est
1060 1964 1149 2019 David
1165 1981 1272 2020 marrus
1287 1966 1390 2034 lortis3
1407 1965 1477 2037 quid
1503 1966 1622 2022 dicam?
1643 1983 1743 2023 servus
1759 1968 1822 2036 Dei,

120 2038 211 2101 minc,
229 2034 279 2107 qui
296 2034 362 2090 tecit
376 2033 481 2089 coelum
498 2040 527 2090 et
547 2040 655 2090 terram
679 2035 765 2105 (Paul.
791 2036 944 2107 cxx111,8l.
1000 2034 1181 2104 electusilei,
1193 2036 1307 2092 amicus
1319 2038 1378 2102 Dei,
1391 2052 1497 2109 parcns
1509 2038 1574 2093 Dei:
1586 2039 1823 2095 noveraletbcne

121 2107 245 2163 Donabit
258 2106 380 2161 certanti
391 2105 551 2174 victoriam,
563 2106 613 2177 qui
623 2106 753 2161 certandi
765 2107 846 2162 dedit
857 2108 945 2162 auda·
1000 2110 1130 2170 noverat,
1146 2123 1204 2163 non
1219 2106 1315 2164 solnm
1338 2124 1456 2180 parcere
1471 2107 1611 2178 subjectis
1632 2114 1662 2164 st
1676 2108 1823 2167 debellare

120 2179 207 2235 ciam.
225 2178 286 2235 Non
302 2193 357 2232 nos
371 2175 500 2232 bostium
516 2177 613 2243 turba,
631 2194 688 2233 non
705 2193 759 2233 nos
771 2177 945 2233 bellantium
999 2182 1141 2249 superbos
1155 2178 1275 2250 lAEaeid.
1300 2180 1349 2234 tic.
1375 2181 1415 2247 6.,
1439 2195 1508 2235 vers.
1527 2180 1602 2251 853),
1618 2182 1822 2237 verumetiam

120 2254 234 2307 revocet
248 2251 351 2313 forme,
372 2265 430 2303 non
444 2248 527 2321 qussi
543 2249 646 2314 vitrea,
664 2247 805 2321 lulgentia
817 2253 947 2305 terreant
998 2250 1119 2304 virtutes
1133 2249 1287 2306 ostendere
1300 2255 1329 2306 et
1339 2251 1508 2321 patientiam
1519 2251 1678 2307 custodire.
1692 2252 1755 2334 lpse
1765 2252 1823 2308 ini·

119 2322 230 2378 arma&
244 2320 355 2376 Goliam
368 2336 520 2389 magnum.
532 2321 697 2384 robustum,
709 2319 800 2375 ermis
811 2320 946 2376 terribili·
1000 2319 1092 2375 mices
1107 2337 1176 2376 suos
1191 2337 1258 2376 cum
1274 2322 1527 2394 persequeretur¹,
1552 2338 1610 2377 non
1646 2323 1819 2391 ernrcioaus,

121 2396 188 2463 bus,
204 2391 374 2464 ingentique
384 2391 471 2446 turba
482 2391 628 2446 munitum
636 2392 658 2455 ³,
669 2390 758 2446 David
771 2390 861 2460 solos,
874 2408 947 2463 puer
999 2395 1104 2447 etcum
1115 2393 1253 2464 vinceret,
1264 2408 1322 2448 non
1333 2339 1739 2465 exstititimpiuslloiiscum
1751 2398 1822 2450 sunt

118 2479 229 2537 parvus
243 2467 272 2518 at
296 2478 330 2518 ue
343 2463 475 2528 inermis,
492 2478 550 2517 uno
573 2461 680 2534 lapidis
702 2463 760 2518 ictu
776 2464 944 2533 prostravit,
999 2461 1049 2518 alii
1065 2466 1152 2535 etque
1162 2463 1211 2518 alii
1223 2464 1318 2520 sancti
1328 2465 1393 2532 viri,
1407 2466 1456 2537 qui
1468 2464 1563 2520 omnia
1575 2464 1821 2535 iuturaprsvide·

119 2541 240 2607 tuteque
254 2479 478 2606 Ailophylorum
490 2538 586 2588 castra
596 2534 726 2589 turbavit
736 2539 823 2605 atque
835 2533 946 2605 legavit
999 2538 1070 2589 runt
1081 2541 1110 2590 et
1124 2534 1329 2605 predixerunt.
1338 2536 1401 2591 Non
1412 2540 1457 2592 est
1466 2551 1535 2608 ergo
1546 2536 1623 2607 quod
1631 2540 1799 2593 terreatvcs
1811 2552 1819 2593 t

118 2612 141 2675 (l
158 2608 291 2677 ilcq.xv1,
309 2606 365 2675 49).
386 2603 458 2668 Quid
474 2609 572 2659 autem
587 2604 667 2660 aliud
683 2610 765 2674 petra
779 2610 880 2660 contra
892 2605 946 2661 Go·
999 2610 1028 2660 ot
1042 2610 1159 2660 tantum
1173 2610 1345 2679 exspectate,
1366 2608 1466 2663 audite
1479 2612 1508 2663 et
1522 2612 1613 2672 orate,
1636 2606 1778 2664 intentior
1791 2611 1822 2663 st

121 2678 192 2734 liam
208 2692 297 2732 manu
313 2674 401 2731 David
418 2675 519 2745 missa,
536 2676 593 2730 nisi
609 2675 757 2731 Christum
771 2677 943 2733 contradis·
998 2677 1127 2731 auctior¹
1141 2676 1219 2733 circa
1244 2693 1291 2733 me
1318 2685 1414 2733 vestra
1442 2678 1481 2734 sil
1501 2678 1604 2733 oratio.
1625 2677 1689 2734 Non
1709 2677 1820 2735 diutius

118 2748 220 2807 bolum
237 2746 400 2804 exsemine
416 2746 506 2803 David
522 2752 678 2802 venturum
693 2747 891 2820 significavit?
999 2748 1204 2818 immoramurs
1213 2748 1276 2819 jam
1291 2764 1356 2820 qure
1370 2750 1577 2821 proposuimus
1595 2765 1818 2822 prosequamur.

156 2820 184 2877 2.
200 2817 413 2893 aggrediamur
433 2818 508 2888 jam,
534 2823 562 2873 et
586 2833 718 2873 errorum
735 2834 800 2891 quae
814 2818 944 2874 diximus
1033 2817 1146 2875 CAPUF
1168 2819 1215 2874 ΙΙΙ.
1232 2849 1276 2876 -.
1294 2824 1336 2876 Ex
1363 2821 1485 2876 iicrmcte
1511 2823 1537 2875 et
1560 2820 1667 2891 Sibylla
1690 2821 1820 2878 adverae

118 2891 374 2965 quinquagenam
390 2905 597 2960 proponamus.
616 2888 723 2971 Pagani
742 2890 852 2953 dicunt,
869 2889 943 2955 Quid
998 2890 1133 2960 Paeones.
1151 2890 1224 2953 Quid
1241 2890 1326 2957 dicis,
1341 2891 1477 2964 pagane?
1488 2891 1575 2960 Deus,
1586 2892 1692 2961 inquis,
1704 2892 1729 2947 si
1740 2891 1818 2948 delc-

118 2963 254 3035 estquod
266 2959 944 3033 nosexhorretisatquesincrtistanqusmmul·
997 2966 1093 3015 clatus
1108 2965 1153 3016 est
1165 2961 1235 3026 filio,
1251 2961 1312 3016 indi
1335 2961 1379 3016 uit
1392 2964 1542 3045 conjugio:
1554 2962 1579 3017 si
1590 2961 1704 3017 horruit
1713 2962 1818 3032 conjn-

119 3040 168 3090 tos
182 3034 310 3090 colentes
324 3033 395 3087 deos
408 3034 419 3086 i
433 3032 504 3087 [loce
519 3037 548 3086 ct
561 3048 611 3087 vos
629 3034 727 3099 ileum,
743 3048 828 3102 quem
842 3032 944 3103 praedi·
997 3031 1089 3104 giuxm
1101 3032 1181 3087 solus
1191 3036 1237 3087 cst
1246 2978 1391 3089 sineirlio.
1403 3032 1564 3100 Quidenim
1574 3032 1818 3105 poteratinvsniri

121 3104 196 3163 catis
211 3104 376 3169 colendum,
393 3101 487 3158 illium
499 3101 606 3158 babere
619 3102 727 3167 dicitis,
738 3119 865 3174 eumque
880 3103 943 3159 sine
997 3102 1093 3158 simile
1103 3104 1159 3159 [leo
1176 3104 1818 3178 quodconjungereturtleo,etpareretfilium

121 3174 245 3234 alterius
260 3174 468 3231 commixtione
477 3189 563 3230 sexus
574 3180 677 3229 natum
688 3190 753 3229 esse
762 3176 941 3246 confingitis.
996 3148 1381 3245 Dec‘lileinciesi‚utdicitis,
1393 3174 1480 3231 hebet
1490 3175 1567 3231 Deos
1576 3175 1749 3244 illiumjarn
1758 3192 1817 3232 non

117 3245 941 3318 ludewicum,Quomodounumoclitisileum,quando
996 3245 1816 3372 unumcolitisDeum.QuidugimuslAballophylcte·

117 3325 147 3375 et
159 3320 307 3375 bominem
318 3332 406 3387 quem
419 3323 514 3388 patres
525 3318 616 3371 nostri
628 3317 834 3372 crucifixerunt
843 3318 940 3372 Domi·
997 3314 1056 3371 lum
1069 3316 1193 3372 missurn
1203 3318 1372 3389 excepimus
1383 3337 1390 3381 ς
1402 3318 1469 3389 quid
1481 3318 1664 3373 remittemus
1695 3316 1816 3383 Quodli-

117 3392 208 3446 num‘
220 3389 360 3453 dicentes,
373 3388 542 3443 hominibus
560 3388 738 3458 extorquetis
756 3393 789 3443 ut
799 3393 939 3471 tanquam
995 3386 1042 3442 bst
1053 3387 1222 3443 miserimus
1233 3387 1334 3457 telum,
1348 3387 1570 3460 licetpervenial
1581 3389 1618 3443 sd
1633 3387 1728 3455 illum,
1740 3387 1814 3444 nibil
1852 3450 1858 3463 ,

117 3462 224 3519 Filium
238 3461 285 3516 Dei
294 3460 444 3515 vobiscum
454 3458 940 3515 venerenturetcolenthamcbei
1015 3459 1121 3514 rodest.
1133 3459 1245 3522 Quare?
1254 3459 1326 3524 Quia
1337 3459 1813 3523 durusest.Qusntumdurusssti

116 3533 222 3590 dicunt
231 3532 486 3604 phantasmaesse,
498 3530 574 3603 quod
583 3529 940 3586 diciturDominumeri·
994 3474 1140 3601 iupideus
1150 3535 1209 3585 est:
1221 3528 1298 3585 idola
1308 3529 1377 3584 colit
1388 3546 1395 3597 ;
1408 3532 1584 3601 elscriptum
1595 3529 1763 3593 subsimilec
1773 3530 1812 3585 il·

117 3611 200 3661 stum
213 3603 338 3659 femineo
350 3601 480 3673 potuisse
493 3602 573 3656 nasci
586 3617 620 3657 ex
632 3606 723 3656 utero.
736 3600 797 3656 Non
809 3600 887 3656 enirn
899 3600 941 3656 di·
992 3600 1027 3654 lis
1040 3600 1108 3669 fiant
1122 3615 1215 3654 omues
1230 3603 1279 3670 qui
1292 3603 1400 3671 facia-ut
1413 3617 1456 3672 ee,
1472 3604 1499 3657 ct
1508 3616 1602 3656 omnes
1611 3601 1813 3670 quiccnfiduat

116 3692 211 3749 gnum
223 3680 277 3743 est,
288 3674 436 3745 inquiunt,
449 3676 482 3728 ot
493 3678 573 3728 tanta
583 3673 722 3743 majestas
732 3689 784 3744 per
798 3673 899 3727 sordes
910 3675 939 3727 ei
991 3672 1072 3726 ineis
1087 3672 1170 3737 (Paul.
1187 3687 1255 3739 cxxx,
1271 3671 1308 3742 8).
1331 3676 1452 3727 Sanctae
1477 3672 1641 3743 Scripturas
1660 3687 1718 3726 non
1734 3672 1811 3727 ecci·

155 3745 270 3804 ualores
295 3744 408 3801 lemine
432 3744 575 3801 transisse
598 3743 743 3799 credatur.
769 3742 938 3808 Sabelliani,
992 3740 1220 3814 pit.Queramus
1229 3757 1298 3813 ergo
1308 3740 1434 3815 lapidem
1443 3743 1812 3815 quopercutialur,ntper·

116 3818 136 3875 ii
161 3834 207 3873 sm
221 3814 442 3889 Patripussiani,
467 3815 579 3885 dicunt,
604 3813 685 3871 Unus
705 3819 750 3869 est
764 3814 841 3870 Deus
856 3814 940 3869 Pater
993 3828 1099 3868 cussus
1110 3817 1277 3883 quassetur,
1288 3819 1447 3885 quassatus
1460 3813 1812 3882 comminuatur‚commi·

116 3888 260 3956 sti'ilius;
270 3887 407 3970 quoniam
417 3885 468 3958 qui
479 3887 572 3951 Pater,
585 3886 648 3957 ipse
658 3890 740 3941 estet
753 3883 853 3940 Filius.
866 3885 939 3941 Nem
992 3892 1082 3939 natos
1097 3882 1128 3938 in
1143 3882 1291 3955 pulverem
1316 3889 1511 3956 convertatur,
1534 3900 1692 3941 conversus
1705 3884 1735 3940 iu
1751 3883 1813 3956 pul·

116 3961 142 4017 si
158 3959 244 4016 aliter
256 3958 427 4024 dixerimus,
448 3957 581 4013 dicemur
604 3955 769 4012 mollicula.
786 3956 880 4011 Ariani
895 3956 939 4011 di·
992 3970 1089 4011 veram
1104 3954 1301 4026 compluatur,
1316 3956 1483 4028 complutus
1497 3961 1619 4023 seratur,
1635 3960 1718 4013 astris
1728 3956 1816 4012 iaciat

115 4036 187 4090 cont
213 4030 295 4086 Alios
315 4035 360 4085 est
385 4028 478 4092 Pater,
504 4029 579 4084 alios
593 4032 639 4084 est
659 4028 760 4094 Filius,
776 4028 826 4083 ssd
843 4026 940 4082 minor
994 4025 1133 4092 fructum,
1149 4042 1207 4081 non
1222 4027 1272 4097 qni
1289 4028 1355 4098 igne
1370 4032 1571 4095 consumatur,
1585 4027 1634 4083 sed
1647 4026 1698 4098 qui
1710 4027 1740 4082 in
1751 4027 1817 4083 bor·

115 4107 163 4161 est
178 4075 279 4159 i‘ilius.
303 4100 453 4166 Quomodo
467 4100 545 4154 enim
562 4099 624 4156 lieri
648 4104 754 4172 potest,
770 4103 802 4154 ut
815 4097 940 4170 genitori
994 4112 1043 4153 reo
1058 4098 1243 4179 recondatur.
1259 4097 1391 4165 Hermes,
1407 4100 1457 4170 qui
1471 4099 1561 4155 latine
1571 4098 1734 4154 Mercurius
1744 4096 1817 4155 dici·

116 4173 235 4249 genitus
250 4173 355 4228 existat
369 4169 513 4243 aequalis?
993 4173 1053 4235 tur,
1068 4173 1187 4238 scrrpsrt
1200 4167 1308 4224 librum
1325 4171 1377 4242 qui
1401 4169 1493 4245 Λόχος
1513 4166 1618 4229 allero<
1639 4167 1816 4241 appelletur,

152 4242 273 4301 CAPUT
283 4245 320 4299 ll.
331 4273 365 4284 —
376 4243 401 4298 3.
421 4241 535 4297 Fiducia
553 4239 684 4295 adom
702 4240 853 4299 hereticos.
868 4240 941 4296 Eoos
995 4239 1096 4306 idest,
1112 4240 1240 4294 Verbum
1257 4241 1438 4311 perlectum:
1464 4256 1604 4312 magnum
1627 4255 1733 4295 nomen
1749 4238 1817 4294 libri

118 4323 191 4372 sunt
205 4330 335 4371 errorum
347 4331 400 4384 pro
422 4313 505 4370 ositae
515 4311 704 4383 questiones,
715 4311 798 4381 quasi
812 4311 940 4367 bostium
996 4310 1095 4379 buJus,
1111 4311 1181 4381 quia
1196 4327 1322 4381 magnus
1336 4317 1380 4368 cst
1401 4312 1437 4367 ds
1452 4326 1510 4382 quo
1526 4311 1655 4382 scriptus
1669 4314 1724 4366 est.
1739 4309 1815 4375 Quid

116 4386 290 4458 compositas
301 4386 388 4442 acies.
400 4332 508 4441 Eontra
519 4385 590 4438 istas
602 4383 678 4438 ecies
694 4382 856 4453 pestilerae,
873 4398 940 4437 san·
995 4381 1074 4437 enim
1109 4380 1246 4436 erisctius
1260 4382 1365 4450 Verbo,
1381 4383 1430 4454 qui
1447 4381 1527 4437 solus
1541 4388 1587 4437 est
1597 4381 1816 4437 intermortuos

117 4457 246 4515 ctissimi
258 4458 371 4523 iratres,
384 4456 618 4512 assumitearme
630 4454 689 4516 ilci,
700 4452 942 4525 utpossitisrasl·
995 4451 1069 4509 liber
1084 4397 1169 4524 (ilaei.
1186 4469 1308 4523 sxxxvrx,
1332 4453 1383 4523 ult
1406 4454 1567 4508 Audiamus
1591 4451 1662 4523 quid
1681 4451 1818 4522 loquatur

119 4530 242 4613 starcia
258 4529 304 4611 dis
318 4527 393 4583 malo
408 4533 436 4610 el
449 4527 477 4582 in
494 4525 632 4609 omnibus
648 4524 871 4606 perlectilstare.
888 4527 941 4580 Ac·
996 4523 1156 4606 Mercurius
1172 4523 1207 4578 de
1222 4524 1315 4578 Verbo
1334 4525 1479 4597 perlecto:
1500 4522 1653 4604 Dominus,
1668 4522 1774 4607 inquit,
1788 4525 1818 4579 et

119 4597 943 4740 tillet?ttulit}ltill?l?;,ltlull¹'llltl,·litt
996 4595 1236 4737 uitelli?
1245 4594 1819 4739 llltlllettlltlelliltlllttt

121 4743 235 4815 sagitte
251 4742 448 4813 malignorum
471 4739 568 4813 ignite
588 4738 769 4863 excipiantur
788 4744 817 4791 ot
835 4737 943 4792 exstin·
997 4742 1027 4793 et
1041 4682 1131 4792 imit:
1148 4736 1292 4799 Quoniam
1306 4753 1375 4809 ergo
1389 4737 1467 4793 bunc
1481 4737 1550 4793 iecit
1569 4737 1709 4807 primum,
1725 4743 1754 4793 et
1769 4753 1819 4793 so·

120 4819 259 4886 mentor.
269 4811 531 4884 Estgaleasslulis,
542 4808 643 4880 estgls
666 4811 712 4863 ius
723 4808 854 4880 spiritus,
866 4809 944 4879 quod
998 4809 1058 4863 lom
1074 4813 1103 4863 et
1117 4807 1244 4862 unum⁴:
1257 4808 1353 4864 bonus
1368 4813 1465 4864 autem
1480 4809 1506 4864 ci
1520 4806 1602 4864 visus
1616 4814 1661 4864 est
1674 4813 1703 4863 el
1713 4807 1820 4878 plenis·

118 4885 296 4941 estverbum
309 4885 472 4955 netfflptes.
487 4899 527 4947 vr,
544 4882 648 4951 lsi-17).
662 4879 801 4950 Quisquis
815 4880 944 4935 fidelium
998 4881 1094 4935 simus
1122 4879 1255 4934 omnium
1278 4879 1432 4936 bonorum.
1458 4881 1605 4945 Quantum
1629 4878 1820 4949 plenissimus

117 4956 228 5013 Christi
240 4956 369 5011 militum
380 4955 425 5011 his
437 4953 621 5010 lueritermis
630 4952 771 5016 munitus,
783 4969 839 5007 non
849 4953 946 5022 cujus·
997 4955 1126 5006 ioannes
1139 4948 1317 5020 evangelista
1331 4952 1426 5008 dicet:
1453 4952 1489 5007 us
1510 4949 1681 5023 penitudine
1694 4950 1754 5018 eisc
1770 4963 1821 5005 acc

117 5043 209 5100 qoam
226 5026 396 5083 formidabit
406 5041 574 5153 personam,
587 5040 645 5079 non
656 5029 766 5079 terrore
776 5023 946 5095 temporina
999 5037 1092 5078 evaneo
1107 5022 1272 5104 accepimus,
1292 5025 1412 5092 pralium
1437 5039 1487 5096 pro
1508 5023 1604 5104 pretio
1624 5020 1713 5091 (locu.
1728 5019 1820 5102 ¹⁹.¹⁶i·

118 5099 283 5154 certamine
303 5114 405 5153 revoca
427 5098 495 5153 itur.
522 5097 581 5162 Eia,
608 5096 723 5162 iratres,
748 5100 895 5150 certamen
915 5095 945 5149 in
1000 5092 1098 5149 Bonus
1113 5097 1211 5148 cutem
1223 5108 1250 5148 er
1265 5093 1343 5150 vieue
1358 5100 1414 5157 est.
1430 5098 1459 5150 et
1481 5091 1671 5165 plenissimus
1685 5105 1820 5146 omarum

118 5174 259 5242 promptu
271 5174 325 5237 est,
337 5171 428 5226 tervet
438 5183 524 5239 opus,
535 5170 619 5238 urget
630 5164 947 5238 sdversarius,spiculs
1000 5165 1155 5221 bonorum.
1172 5162 1206 5219 tet
1219 5179 1251 5220 sc
1273 5165 1372 5224 uitur:
1396 5166 1522 5221 Latoius
1544 5166 1598 5244 est.
1608 5160 1678 5243 Qui,
1692 5160 1737 5218 vel
1753 5176 1823 5244 cum

119 5247 217 5314 parat,
225 5241 324 5313 jacere
333 5245 440 5309 tentat,
452 5255 537 5295 nemo
547 5242 728 5309 expavescat.
741 5238 856 5295 Fratres
880 5236 946 5311 plo·
1000 5251 1059 5363 3⁰?
1076 5181 1377 5376 &salgami-[ligat
1398 5237 1406 5291 i
1429 5232 1717 5374 ἳίιῗβξὲἰηξιὲιῦἕῶ,
1732 5231 1823 5376 'iiiiii'

1026 5323 1071 5362 e:
1204 5323 1233 5361 m
1282 5323 1323 5363 aa
1342 5324 1397 5378 pau
1577 5347 1584 5360 .
1652 5348 1659 5372 ,
1719 5344 1725 5360 .
1814 5348 1824 5376 ,

151 5426 162 5463 ,
182 5422 274 5478 mm
290 5423 333 5474 M
359 5422 563 5490 commum
590 5433 641 5471 m
654 5423 737 5482 pom,
759 5436 812 5473 em
827 5420 948 5475 mom
1001 5378 1117 5435 letatus
1131 5383 1185 5448 cst,
1201 5382 1230 5434 et
1250 5378 1333 5435 valde
1356 5377 1458 5434 dilexit
1481 5380 1621 5447 tanquam
1637 5374 1825 5448 unigenitum

120 5492 236 5546 exactor,
252 5487 359 5553 qvando
374 5489 410 5537 ud
422 5484 593 5542 reddendum,
609 5488 662 5533 ster.
1036 5484 1043 5518 ¹
1060 5482 1227 5547 Antiquiores
1241 5484 1315 5548 lisa,
1327 5481 1449 5535 ociosatis
1461 5479 1673 5546 Macrinium
1687 5480 1778 5531 undas.

152 5552 165 5587 ¹
179 5550 270 5600 Plures
284 5552 356 5612 ileu,
371 5565 423 5601 non
444 5550 519 5615 quasi
531 5548 637 5612 ttvlqem
657 5545 739 5597 vitrea
754 5548 849 5598 terreat
859 5560 947 5599 armc-
1033 5546 1045 5581 ¹
1058 5546 1223 5617 Turonensis
1236 5546 1309 5606 blas..
1327 5547 1385 5610 ipss
1409 5544 1522 5595 inimicis
1538 5543 1601 5605 suis,
1616 5543 1679 5593 dum
1690 5556 1826 5610 perseque-

119 5614 255 5736 ictam
269 5675 357 5740 (mma
375 5675 513 5727 munitum.
1001 5607 1251 5743 niuiliguffi'blss„
1265 5669 1371 5722 sacua
1392 5669 1426 5722 nt
1457 5665 1547 5743 nidum
1560 5666 1613 5726 alil,
1627 5666 1716 5722 altior.

154 5736 273 5791 »prum
285 5739 359 5808 un„
374 5739 467 5791 neum,
1035 5731 1173 5797 tQuidam
1186 5730 1259 5798 ltus,
1274 5733 1447 5786 atavum
1468 5730 1523 5799 qul,
1538 5732 1564 5784 et
1581 5730 1686 5789 imm·
