3908 6128
1519 134 1573 263 g„
1667 112 1673 125 .

124 301 203 368 loti
682 310 734 371 ets
756 308 982 383 reintraret,
1004 304 1037 368 S.
1060 304 1272 370 AUGUS'llNl
1752 302 1830 366 tote

124 440 192 497 dere
207 457 264 497 nou
282 457 461 513 possumus;
487 439 584 514 ipsam
607 445 707 498 tamen
726 443 814 498 fidem
830 442 946 514 quando
1001 439 1067 496 aliis
1082 439 1166 495 adest
1180 440 1310 512 corporis
1322 439 1477 507 scusibus;
1494 436 1601 505 oeulis,
1612 454 1684 495 cum
1698 417 1829 494 videtur3

124 528 202 585 inest
218 529 245 584 in
272 529 367 598 nobis,
382 529 516 586 videmus
539 530 693 586 innubis:
711 530 780 603 quia
801 533 830 587 et
849 546 945 586 rerum
998 527 1828 600 auribus,cumauditur;tactui,cumtensturettangitur:

125 618 290 675 absentium
307 634 435 691 presens
459 623 504 674 est
517 619 600 686 tides,
619 622 647 675 et
670 636 768 676 rerum
793 636 856 691 que
877 620 947 677 loris
999 614 1087 673 babet
1101 617 1229 673 etiamin
1243 617 1382 673 memoria
1397 621 1497 672 nostra
1506 616 1669 689 imaginem
1680 633 1779 688 suam,
1788 616 1831 671 in·

126 712 197 765 eunt
209 709 290 763 intus
305 711 349 763 est
364 708 446 775 lldcs,
458 711 486 764 et
501 724 599 764 rerum
616 723 679 780 que
695 724 751 764 non
766 705 949 763 videnturvi-

125 797 212 852 detur
228 795 311 863 [ides.
327 800 356 853 et
370 796 436 869 ipsa
458 800 555 853 tamen
570 795 772 869 temporaliter
793 798 825 852 fit
840 797 870 852 ln
886 811 948 851 cor-

126 885 214 941 dibus
229 885 401 956 bonriuum3
420 890 448 941 et
463 887 486 941 si
502 902 535 941 ex
551 885 699 950 fidelibus.
713 884 847 941 inlidelss
863 886 948 953 liunt,

126 975 201 1046 perit
211 974 246 1030 ab
258 974 309 1031 eis.
322 974 485 1047 Aliquando
496 979 595 1031 autem
606 979 635 1031 et
648 975 736 1031 rebus
746 972 828 1031 falsis
838 990 950 1031 accom-

126 1062 262 1119 modatur
273 1063 346 1120 ildes
358 1081 365 1120 ε
377 1062 527 1136 loquimur
542 1062 621 1120 enim
631 1063 683 1130 sic,
695 1067 727 1119 ut
737 1063 880 1132 dicamus,
893 1064 949 1119 lla·

123 1151 187 1209 bita
201 1156 246 1209 est
261 1153 287 1208 ei
298 1152 419 1223 ildes,et
433 1152 556 1224 decepit.
567 1151 668 1220 Qualis
683 1153 765 1222 fides,
778 1153 803 1208 si
813 1156 911 1209 tamen
922 1160 950 1209 et

123 1240 189 1314 ipsa
203 1240 326 1298 dicenda
342 1246 387 1297 est
400 1241 483 1312 fides,
498 1257 554 1296 uon
564 1239 748 1314 culpabiliter
762 1241 798 1298 de
811 1232 949 1298 cordibus

124 1330 209 1404 perit,
222 1330 339 1403 quando
355 1346 419 1386 eam
428 1330 546 1386 inventa
558 1329 664 1386 veritas
675 1329 766 1402 pellit.
778 1328 950 1402 optabiliter

125 1422 223 1477 autem
239 1435 336 1474 rerum
351 1433 486 1473 verarum
502 1416 532 1472 iu
548 1417 665 1473 easdem
681 1433 727 1473 res
742 1417 815 1473 ildes
831 1416 948 1475 transit.

124 1508 188 1566 Non
201 1507 280 1564 enim
296 1506 452 1563 dicandum
466 1511 521 1577 est,
534 1505 748 1578 Perit,quaudo
762 1521 806 1576 ee,
815 1522 880 1578 qua
891 1522 951 1562 cre·

125 1597 281 1664 dabantur,
296 1595 441 1651 videntur.
456 1594 605 1669 Numquid
620 1595 698 1650 euim
714 1595 810 1651 adhuc
825 1595 898 1650 fides
909 1594 951 1649 di·

10 1730 13 1739 .
126 1685 219 1743 cende
232 1689 287 1756 est,
302 1700 369 1740 cum
385 1682 505 1739 delinita
519 1682 558 1739 sit
572 1684 603 1739 in
619 1683 747 1756 epistota
763 1684 798 1739 ad
813 1682 949 1740 Hebraeos

8 1818 12 1827 .
125 1773 210 1843 fides,
225 1773 396 1845 dictumque
411 1772 451 1829 sit
466 1788 530 1828 eam
543 1789 607 1829 esse
621 1772 835 1830 convictionem
851 1789 949 1830 rerum

127 1878 190 1935 que
203 1878 262 1919 uon
277 1861 413 1919 videntur
424 1861 519 1934 (liebr.
535 1878 575 1928 xr,
592 1861 644 1934 lli

161 1952 188 2008 i.
196 1950 306 2007 Deinde
314 1950 391 2022 quod
400 1951 480 2022 sequi
485 1953 514 2005 tu
519 1967 542 2022 r,
553 1950 740 2017 atramitis
751 1951 949 2018 testimonrum,

124 2044 156 2097 ut
168 2041 354 2096 testimonium
365 2039 521 2111 perbiberet
534 2039 567 2096 de
580 2040 695 2107 lamine,
711 2044 742 2095 ut
754 2056 846 2097 omnes
856 2042 950 2109 erede-

123 2132 185 2186 rent
197 2143 247 2200 per
269 2129 351 2184 illam
359 2145 371 2192 ,·
393 2127 481 2196 actio,
497 2131 530 2183 ut
553 2127 692 2195 diximus,
708 2128 880 2202 temporalis
894 2133 949 2186 est.

124 2216 951 2289 Temporaliterenimtestimoniumperhibeturetiamde

124 2321 156 2363 re
170 2306 359 2378 sempiterna,
373 2305 450 2379 quod
466 2309 511 2362 est
522 2304 704 2379 intelligibile
718 2304 829 2362 lumen.
842 2305 882 2362 De
892 2322 951 2378 quo

123 2396 158 2452 ut
171 2394 374 2451 testimonium
389 2393 555 2467 perbiberet
569 2395 648 2452 veuit
672 2393 811 2465 ioannes,
829 2395 880 2468 qui
893 2411 951 2453 ccc

124 2487 187 2541 erot
207 2484 267 2550 tce,
281 2482 328 2541 sed
347 2490 376 2539 ct
398 2484 587 2540 testimoniam
609 2482 763 2555 perbiberet
777 2483 811 2541 de
835 2485 948 2541 lamine.

124 2571 266 2646 Adjuugit
276 2571 353 2628 enim
372 2589 379 2629 ε
395 2574 465 2629 Erat
479 2572 530 2628 isac
540 2588 603 2628 cerc
614 2587 678 2644 pcae
689 2573 832 2630 illuminet
842 2589 951 2631 omnem

126 2661 264 2719 bominem
278 2663 433 2718 r¹enientem
442 2663 470 2717 irs
487 2661 711 2718 annemundum.
723 2666 756 2719 In
766 2663 869 2720 mande
879 2671 949 2735 erat,

125 2759 155 2808 et
169 2751 287 2808 mandre
299 2767 349 2823 per
363 2753 454 2824 ipsum
466 2753 559 2823 sectus
571 2756 620 2819 cet,
637 2756 663 2808 et
677 2752 795 2808 mundus
818 2768 879 2808 eum
895 2768 951 2809 eon

126 2843 259 2913 coprroer't.
274 2843 306 2897 ln
319 2842 566 2913 promoventem
579 2842 701 2898 seticum
711 2857 767 2897 eon
778 2848 949 2913 receperant.

127 2934 194 2988 Haec
208 2932 296 2988 verba
315 2931 415 2988 omnia
438 2932 488 3005 qui
503 2931 625 2987 latinam
644 2932 776 3004 linguam
792 2933 901 3000 sciunt,
917 2949 952 2988 ex

126 3021 215 3077 rebus
225 3020 392 3092 intelligunt
404 3036 478 3092 quas
488 3020 775 3086 noverunt.0uurum
785 3019 890 3093 aliqua
899 3036 950 3076 nn·

126 3107 172 3165 bis
181 3108 372 3164 innotuerunt
381 3125 433 3180 per
443 3108 572 3180 corporis
587 3126 703 3176 sensus,
715 3109 791 3165 sicut
800 3109 898 3181 borno,
911 3109 949 3165 si·

124 3201 175 3253 cut
189 3195 251 3269 ipse
267 3196 407 3265 mundus,
419 3198 503 3268 cujus
519 3200 578 3253 tam
594 3197 757 3253 evidentem
768 3198 949 3270 magnitudi-

123 3302 191 3342 nem
213 3286 372 3353 ccruimus,
387 3285 465 3342 sicut
487 3286 657 3343 eorumdem
682 3287 838 3342 verborum
863 3287 948 3356 soni;

122 3389 191 3429 narn
209 3378 237 3429 et
252 3373 371 3430 auditus
387 3390 492 3430 sensus
502 3378 547 3430 est
560 3374 691 3446 corporis
707 3391 713 3430 :
731 3373 835 3446 aliquas
850 3381 948 3431 autem

121 3477 174 3535 per
197 3462 288 3518 animi
321 3462 476 3533 rationem,
493 3462 569 3519 sicut
599 3463 628 3518 id
653 3463 731 3535 quod
751 3463 863 3519 dictum
892 3468 947 3531 est,

121 3551 154 3606 lit
181 3553 229 3607 sui
260 3567 323 3607 acm
350 3567 405 3607 non
434 3559 620 3623 receperant:
647 3551 822 3624 intelligitur
856 3552 947 3620 enim,

119 3638 182 3696 Non
197 3640 227 3695 in
243 3655 311 3696 eum
327 3639 523 3707 crediderunt,
542 3640 619 3712 quod
641 3639 711 3712 quid
726 3638 774 3707 sit,
791 3638 872 3695 nullo
887 3655 949 3696 cor-

120 3726 200 3799 poris
215 3743 315 3797 seusu,
332 3727 381 3783 sed
400 3726 491 3783 animi
515 3728 626 3784 ratione
648 3728 847 3801 cognovimus.
864 3729 947 3800 lpso·

120 3829 187 3870 rum
200 3815 288 3871 etiam
305 3815 469 3882 verborum,
482 3831 539 3870 non
555 3832 643 3871 sonos
655 3818 677 3885 ¹,
693 3816 743 3872 sed
756 3816 946 3889 significatio·

119 3917 184 3973 nes,
200 3902 305 3975 purtim
323 3920 374 3974 par
384 3903 515 3975 corporis
529 3919 661 3971 sensum,
672 3905 778 3975 partim
796 3905 947 3977 peranimi

120 3990 264 4047 rationem
288 3990 457 4047 didicimus.
476 3989 533 4047 Nec
554 4007 589 4047 ea
611 3993 699 4048 verba
724 4009 802 4048 nunc
817 3994 945 4066 primum

999 704 1179 777 corporalem
1204 705 1336 777 quidem,
1352 707 1401 761 sed
1424 706 1537 777 corpori
1562 704 1706 762 similem.
1727 705 1829 763 Mundi

999 796 1124 866 denique
1134 794 1228 866 ipsius
1239 793 1381 851 mirabilis
1389 793 1576 865 pulchritudo
1582 794 1751 851 lorinsecus
1761 811 1828 867 pra·

999 887 1045 940 sto
1056 892 1109 951 ost,
1122 889 1149 940 et
1161 884 1329 956 aspectibus
1340 883 1459 951 nostris,
1472 888 1500 939 et
1510 882 1536 938 ei
1545 883 1646 939 sensui
1658 883 1710 955 qui
1721 883 1830 939 dicitur

998 975 1106 1039 tactus,
1122 971 1145 1029 si
1161 971 1233 1045 quid
1255 971 1319 1042 ejus
1333 970 1507 1044 attingimus
1525 987 1532 1028 :
1549 969 1638 1029 babet-
1662 973 1754 1028 etiam
1770 972 1829 1044 ipse

999 1060 1080 1117 intus
1094 1061 1125 1117 in
1139 1061 1279 1117 memorie
1289 1065 1390 1117 nostra
1399 1060 1557 1133 imaginem
1573 1077 1674 1128 auaro,
1685 1061 1723 1117 ad
1740 1077 1828 1134 quam

999 1150 1190 1221 recurrimus,
1201 1167 1266 1206 curn
1279 1166 1345 1206 auru
1357 1149 1400 1206 vel
1411 1151 1485 1222 septi
1497 1149 1672 1223 parietibus,
1682 1150 1729 1206 vel
1740 1152 1827 1209 etiem

999 1241 1030 1296 in
1046 1239 1174 1295 tenebris
1182 1239 1356 1311 cogitamus.
1364 1238 1420 1295 Sed
1435 1238 1525 1296 dehis
1535 1238 1720 1311 imaginibus
1731 1257 1826 1297 rernm

999 1327 1445 1400 corporalium‚incorporalibus
1453 1327 1583 1401 quidem,
1595 1328 1778 1386 habentibus
1787 1333 1828 1385 ta·

1000 1432 1067 1474 mon
1083 1415 1293 1473 similitudines
1303 1431 1470 1487 corporum,
1481 1421 1511 1472 st
1521 1417 1557 1473 ad
1572 1417 1665 1472 vitam
1676 1419 1827 1476 exterioris

999 1505 1128 1562 hominis
1139 1504 1365 1576 pertinentibus,
1375 1507 1437 1575 jam
1449 1505 1522 1562 satis
1533 1505 1562 1561 in
1579 1505 1741 1563 undecimo
1758 1507 1827 1567 libro

1000 1593 1089 1650 locuti
1105 1610 1220 1650 sumus.
1232 1597 1315 1650 Nunc
1330 1599 1428 1650 autem
1438 1593 1553 1666 agimus
1569 1596 1604 1651 de
1619 1594 1746 1652 homine
1758 1597 1827 1655 inte·

999 1681 1086 1748 riona,
1102 1682 1210 1753 atejus
1224 1681 1360 1752 scientie,
1376 1697 1412 1738 ea
1423 1697 1488 1754 que
1503 1698 1601 1738 rerum
1618 1686 1665 1741 est
1679 1688 1828 1758 tempora·

999 1768 1073 1826 lium
1085 1775 1114 1826 et
1122 1772 1309 1829 mutabilium
1318 1773 1361 1829 :in
1374 1773 1739 1846 oujusintentiouemcum
1750 1792 1828 1833 msu-

1001 1858 1826 1933 mituraliquid,etiamderebusadexterioremhomiuem

1000 1948 1227 2021 pertinentibus,
1254 1951 1290 2008 ed
1312 1950 1367 2008 boc
1382 1952 1594 2008 assumendum
1609 1956 1656 2009 est
1670 1958 1704 2011 ut
1719 1952 1827 2026 aliquid

1000 2037 1068 2094 inde
1082 2039 1222 2095 doceatur
1236 2041 1314 2112 quod
1330 2040 1503 2098 rationalem
1519 2042 1641 2113 atljumt
1653 2041 1826 2100 scientiam:

1001 2143 1035 2184 ac
1045 2143 1097 2199 per
1106 2126 1161 2183 boo
1172 2144 1269 2185 rerum
1280 2145 1355 2202 quas
1363 2146 1536 2187 communes
1546 2146 1614 2186 cum
1626 2131 1827 2190 animantibus

1000 2214 1219 2274 irrationalibus
1231 2216 1386 2289 habemus,
1400 2218 1550 2275 rationalis
1567 2236 1640 2277 usus
1654 2220 1691 2276 ad
1710 2219 1828 2278 interio-

1000 2321 1062 2361 rem
1074 2303 1223 2361 homiuem
1234 2305 1377 2378 pertinet;
1390 2322 1443 2363 nec
1453 2311 1530 2363 reate
1540 2307 1597 2364 dici
1607 2312 1781 2380 potesteum
1791 2310 1825 2365 ir·

1000 2392 1195 2451 rationalibus
1209 2394 1410 2452 animantibus
1431 2410 1498 2453 eum
1516 2395 1602 2453 nobis
1615 2412 1683 2454 esse
1697 2412 1828 2455 commu·

1001 2497 1079 2538 uem.

1037 2569 1154 2626 CAPUT
1170 2571 1288 2627 11.-5.
1301 2573 1379 2629 Fides
1391 2588 1435 2629 res
1444 2573 1826 2648 cordis,rsoneorporie,qso·

999 2659 1078 2715 modo
1090 2662 1243 2716 cornmacis
1253 2664 1278 2717 et
1288 2677 1345 2718 unc
1355 2665 1478 2718 omnium
1490 2662 1673 2720 credentiam.
1682 2664 1825 2721 Fidesere·

1000 2748 1365 2820 dentiumcnclnoneeecenc
1373 2752 1657 2809 accersamvotantas
1667 2769 1737 2810 cac.
1745 2754 1826 2811 Fides

1001 2853 1066 2895 rere
1082 2838 1117 2893 de
1132 2854 1190 2908 qua
1200 2839 1228 2894 iu
1240 2839 1376 2897 hoclibro
1387 2840 1536 2913 aliquanto
1550 2841 1662 2898 diutius
1674 2843 1826 2916 disputare

1000 2926 1827 3005 certadispositicnisnostreratiouecompellimur.quam

1000 3014 1051 3086 qui
1067 3014 1185 3086 babent,
1201 3015 1301 3072 ildeles
1312 3023 1462 3085 vocantur,
1474 3019 1565 3091 etqui
1579 3035 1639 3076 uon
1651 3018 1772 3091 babent,
1783 3020 1826 3076 iu·

1001 3102 1112 3174 ildeles,
1124 3104 1201 3161 siout
1211 3105 1231 3160 ii
1243 3104 1294 3179 qui
1308 3106 1471 3163 venientem
1482 3106 1513 3164 in
1529 3106 1648 3181 propria
1659 3109 1710 3165 Dei
1722 3108 1825 3166 Filium

1000 3193 1826 3267 noureceperunt,'quamvisexaudituinnobisfmtasit,

999 3297 1057 3337 uon
1073 3285 1172 3337 tamen
1182 3282 1217 3337 ad
1227 3299 1292 3339 eum
1305 3299 1426 3341 sensum
1435 3285 1566 3357 corporis
1576 3287 1705 3358 pertinet
1717 3288 1826 3361 quiap-

1000 3369 1134 3442 pellatur,
1143 3371 1416 3444 auditua,quoniam
1429 3388 1486 3429 nou
1495 3379 1540 3430 est
1549 3391 1641 3431 sonus
1652 3391 1707 3432 neo
1718 3377 1754 3433 ad
1762 3392 1827 3434 ocu·

998 3457 1043 3515 los
1053 3458 1143 3532 hujus
1154 3461 1408 3531 carnis,quoniam
1418 3479 1476 3519 non
1486 3466 1531 3519 est
1541 3463 1622 3520 color
1631 3468 1684 3520 aut
1697 3464 1825 3539 eorporis

998 3548 1113 3616 lorma;
1129 3565 1181 3604 nec
1190 3549 1226 3605 ad
1235 3565 1302 3605 euru
1315 3551 1364 3622 qui
1374 3551 1598 3621 dicitnrtaotus,
1610 3553 1755 3625 quoniam
1764 3570 1825 3611 cor·

999 3635 1136 3709 palentia
1147 3636 1220 3692 nibil
1231 3638 1337 3708 bubet3
1353 3656 1406 3696 neo
1417 3639 1557 3698 edulium
1569 3641 1693 3699 omnino
1705 3660 1825 3700 sensum

999 3726 1140 3798 corporis,
1151 3727 1290 3798 quoniam
1302 3727 1397 3784 cordis
1406 3733 1451 3784 est
1465 3745 1511 3785 res
1526 3730 1594 3805 ista,
1606 3748 1664 3788 uon
1675 3732 1823 3806 corporis;

999 3831 1052 3870 nec
1063 3815 1133 3870 loris
1143 3820 1189 3870 est
1199 3833 1215 3871 a
1226 3816 1321 3885 nobis,
1335 3818 1384 3873 sed
1397 3818 1427 3873 in
1438 3817 1551 3875 intimis
1562 3820 1664 3876 nobis¹
1676 3838 1684 3889 ;
1698 3839 1752 3878 nec
1762 3839 1822 3878 euru

998 3904 1156 3976 quisquam
1172 3903 1326 3961 homiuum
1337 3904 1416 3962 videt
1430 3904 1460 3960 iu
1475 3905 1542 3978 alio,
1554 3908 1604 3963 sed
1623 3910 1824 3984 unusquisque

998 3992 1028 4047 in
1036 3992 1337 4066 semetipsobeniqns
1348 3997 1478 4065 potestet
1490 3993 1679 4052 simulatione
1685 3998 1822 4072 confingi,

120 4079 288 4136 audivimus
304 4094 311 4134 ε
329 4078 380 4134 sed
395 4095 460 4151 quaa
483 4080 544 4150 jam
560 4080 767 4148 audieramus;
783 4086 812 4138 et
826 4098 882 4138 uon
899 4100 946 4140 so·
998 4085 1027 4137 et
1040 4081 1136 4153 putari
1153 4097 1218 4137 esse
1234 4081 1263 4136 in
1276 4096 1333 4153 quo
1349 4098 1407 4138 nou
1423 4086 1478 4138 ost.
1490 4082 1580 4139 Suam
1592 4083 1685 4157 igitur
1699 4088 1822 4159 quisque

118 4167 182 4225 lum
198 4169 273 4240 ipsa,
289 4184 390 4224 verum
414 4168 502 4224 etiam
519 4184 582 4240 que
607 4168 815 4241 significarent,
830 4175 946 4243 cognita
996 4170 1084 4227 tidem
1099 4170 1175 4241 apud
1194 4186 1226 4226 se
1240 4170 1337 4243 ipsum
1350 4170 1428 4227 videt
1444 4187 1451 4226 :
1469 4171 1499 4227 iu
1515 4171 1605 4228 altero
1620 4179 1722 4233 autem
1733 4175 1822 4232 credit

118 4257 261 4315 memoria
275 4256 461 4324 tenebamus,
479 4260 507 4313 et
528 4256 576 4312 bie
591 4258 774 4329 agnovimus.
792 4259 851 4315 Hoc
865 4261 944 4317 enim
995 4274 1147 4324 esseeam,
1159 4275 1217 4314 non
1232 4260 1330 4327 videt;
1344 4264 1463 4316 ettanto
1474 4261 1704 4333 firmiuscredit,
1715 4270 1822 4337 quanto

117 4363 224 4404 nomen
239 4344 433 4418 dissyllabum
449 4362 517 4403 curn
533 4346 651 4415 dicitur,
663 4347 793 4419 mondus,
805 4349 943 4419 quoniam
995 4347 1110 4403 fructus
1121 4348 1186 4418 ojus
1195 4348 1470 4421 magisnorit,quos
1479 4349 1592 4420 operari
1605 4349 1680 4408 solet
1690 4352 1765 4408 tides
1775 4367 1822 4425 par

116 4452 208 4492 sonus
223 4440 277 4501 est,
295 4451 340 4491 res
365 4436 468 4509 utique
483 4435 641 4507 corporalis
668 4452 838 4510 percorpus
861 4437 943 4495 inuo-
995 4435 1180 4492 dilectionem
1196 4435 1296 4505 (duat.
1311 4453 1340 4504 v,
1356 4437 1395 4510 d).
1412 4438 1611 4502 Quamobrem
1633 4440 1774 4497 omnibus
1788 4442 1821 4497 da

115 4525 183 4590 tuit,
199 4523 229 4579 id
243 4529 299 4588 est,
315 4541 366 4595 par
381 4541 482 4580 aurem
500 4541 507 4581 :
523 4526 573 4582 sed
589 4529 678 4581 etiam
704 4526 781 4598 quod
798 4526 945 4598 signillcat
995 4522 1579 4599 quibusEvangelistasubjungitetdicit,
1590 4529 1821 4600 Quotquotcutem

116 4626 287 4684 percorpus
302 4612 439 4679 innotuit,
450 4613 479 4669 id
495 4619 548 4681 est,
566 4629 618 4686 per
633 4613 849 4670 oculosoernis.
861 4615 945 4671 Mun·
994 4616 1154 4684 receperunt
1167 4612 1323 4684 eum,dedit
1336 4614 1544 4686 eispotestctem
1553 4616 1629 4687 filios
1643 4619 1695 4674 Dee
1705 4619 1821 4690 bertin

116 4702 173 4758 dus
187 4701 297 4774 quippe
311 4700 340 4755 iu
363 4706 507 4773 quantum
524 4707 611 4760 nctus
635 4707 689 4773 est,
706 4704 873 4761 videntibus
890 4722 941 4761 no·
994 4703 1043 4774 qui
1056 4701 1170 4757 eredunt
1182 4704 1212 4757 in
1228 4703 1339 4758 nomine
1353 4703 1423 4775 ejus,
1439 4703 1489 4776 qui
1502 4720 1559 4760 uon
1577 4721 1613 4762 ee
1627 4709 1818 4777 sanguinibus,

114 4793 165 4847 tus
174 4791 272 4847 estllt
282 4789 337 4845 boc
346 4789 786 4865 verbumquatucrsyllabarum
797 4794 875 4864 quod
886 4797 941 4859 ast,
993 4806 1079 4863 nepae
1093 4807 1129 4847 ec
1143 4790 1396 4860 solemmacensis,
1405 4807 1494 4864 nepae
1506 4808 1542 4849 ex
1554 4794 1694 4852 castaneta
1707 4796 1821 4865 verines

115 4878 941 4952 Credideruut‚sonosuo,quoniamcorpusest‚perauram
993 4896 1029 4936 ec
1045 4881 1095 4936 Dee
1110 4881 1171 4936 anti
1180 4884 1256 4949 eunt,
1268 4878 1343 4936 lldes
1354 4879 1411 4936 istu
1423 4882 1645 4939 communisset
1657 4900 1664 4939 :
1677 4900 1736 4942 uon
1748 4887 1821 4943 sicut

115 4968 213 5026 carnis
228 4967 358 5025 illabitur
374 4968 470 5039 :quod
487 4972 586 5024 autem
603 4969 760 5040 significat,
776 4970 858 5027 nullo
874 4987 941 5027 cor·
993 4968 1093 5040 aliqua
1108 4968 1238 5041 corporis
1253 4968 1347 5025 forma
1361 4969 1530 5026 eommunis
1544 4976 1590 5027 est
1603 4973 1640 5028 ad
1661 4973 1820 5031 videndum

116 5057 319 5131 poris-sensu,
335 5058 386 5113 sed
409 5056 500 5113 animi
525 5057 636 5112 ratione
659 5059 856 5128 cognoscitur.
878 5060 941 5115 Nisi
993 5056 1821 5135 omniumoculisquibuspraestosst;exipsaquippeuue

115 5147 193 5203 enim
208 5147 278 5218 quid
293 5145 553 5216 sit,Credrderuut,
563 5161 615 5217 per
630 5148 762 5202 animum
774 5164 939 5219 nossemus,
993 5146 1316 5203 omniumcernentium
1326 5147 1456 5218 quodam
1464 5148 1819 5226 modoinlormaturespe-

114 5250 175 5292 non
190 5233 421 5308 intelligeremus
437 5235 507 5308 quid
522 5251 580 5291 non
591 5234 712 5291 iecerint
726 5233 766 5289 illi
781 5236 816 5291 de
832 5238 941 5311 quibus
992 5240 1056 5292 cius
1073 5253 1080 5291 :
1097 5235 1148 5291 sed
1159 5235 1236 5290 sicut
1251 5235 1308 5290 dici
1320 5236 1567 5307 potestomuibus
1577 5236 1820 5298 bominibusesse

115 5322 226 5379 dictum
240 5328 294 5390 est,
311 5324 343 5379 at
356 5325 401 5380 eci
415 5339 478 5379 eam
498 5339 554 5379 con
569 5331 741 5395 receperant.
760 5324 855 5380 Sonus
871 5342 940 5399 ergo
993 5325 1081 5381 iacias
1092 5323 1410 5391 humunacommunis;
1425 5324 1603 5382 namhocita
1613 5325 1821 5396 dicitur‚utta·

114 5412 195 5467 verbi
204 5410 815 5483 lorinsecusinstrepitauribuseorpuria,ct
824 5413 941 5487 attingit
993 5430 1059 5470 men
1071 5413 1178 5486 singuli
1190 5429 1260 5469 suas
1271 5413 1407 5470 babeant.
1420 5413 1460 5468 lix
1471 5430 1529 5469 uua
1539 5430 1610 5470 saue
1620 5415 1820 5478 doctriuaim-

116 5512 237 5554 sensum
253 5500 303 5570 qui
318 5503 436 5555 vocatur
446 5500 574 5557 auditus.
585 5500 702 5573 Species
718 5515 832 5572 quoque
847 5499 940 5556 horni-
992 5518 1122 5564 pressam
1134 5502 1222 5556 tidem
1234 5501 1415 5557 credentium
1425 5500 1564 5558 cordibus
1575 5499 1761 5575 singulorum
1771 5507 1820 5580 qui

115 5585 163 5645 nis
177 5590 207 5644 et
221 5588 251 5643 in
264 5588 430 5661 nobisipsis
444 5588 529 5647 uobis
544 5594 613 5646 nota
627 5596 682 5658 est,
692 5593 720 5646 et
735 5588 896 5648 lorinsecus
911 5590 941 5647 in
990 5588 1045 5646 hoc
1055 5589 1132 5646 idem
1142 5588 1424 5647 creduntvarissime
1435 5588 1564 5647 dicimus
1576 5607 1584 5648 ε
1596 5592 1821 5656 sedalludsuni

149 5687 159 5724 ¹
175 5683 254 5747 Edltl,
269 5698 318 5735 nors
332 5685 413 5736 sclam
427 5700 508 5738 sonos.
523 5687 615 5751 Abest,
630 5686 721 5751 solare,
739 5688 830 5739 ables.
1024 5690 1032 5725 ¹
1050 5687 1092 5739 Sic
1106 5689 1168 5739 bles.
1183 5688 1217 5739 ut
1231 5687 1306 5754 editi,
1320 5688 1348 5738 te
1361 5687 1460 5740 intimis
1472 5688 1578 5741 mse.
