3908 6128
166 299 1870 365 Qfflffl

501 504 600 632 ΙΝ
647 500 1128 636 octavum
1176 505 1546 638 TotttUltt

792 768 1236 869 remansio.

204 1091 285 1154 Cum
313 1089 453 1153 doctoris
482 1088 630 1153 catholici
658 1088 722 1152 duo
749 1090 813 1153 sint
840 1092 955 1167 olilcia,
986 1092 1122 1155 alterum
1151 1092 1333 1155 christiana
1358 1091 1519 1173 roligionis
1542 1092 1688 1155 veritates
1713 1092 1872 1157 illustrare

162 1192 200 1236 ac
243 1171 442 1245 confirmare,
478 1170 613 1231 alterum
647 1171 773 1233 easdem
802 1170 843 1234 ab
870 1174 1100 1267 insurgentium
1129 1174 1350 1237 haereticorum
1378 1174 1542 1236 erroribus
1568 1173 1747 1243 vindicare:
1778 1191 1870 1237 nemo

160 1260 305 1317 veterum
333 1258 389 1313 aut
416 1251 626 1312 recentiorum
655 1257 805 1331 utrasque
832 1260 937 1347 partes
960 1254 1105 1335 implevit
1131 1255 1252 1317 lelicius
1280 1254 1467 1335 Augustino,
1498 1254 1553 1394 qpi
1580 1254 1722 1316 omnium
1747 1252 1870 1333 judicio

162 1336 195 1397 id
236 1334 350 1395 merito
387 1337 549 1395 assecutus
587 1335 645 1405 est,
686 1337 718 1392 ut
746 1350 924 1413 praecipuus
952 1352 989 1395 ac
1021 1353 1164 1397 summus
1187 1335 1336 1397 Ecclesia
1363 1337 1479 1396 Ductor
1530 1336 1686 1396 abutetur.
1712 1334 1871 1396 Hactenus

162 1417 234 1494 ejus
263 1432 362 1494 opera
390 1430 461 1492 quaa
489 1410 661 1472 christiana
690 1411 840 1491 dogmata
866 1413 1026 1494 explicant
1053 1414 1277 1477 exhibuimus:
1308 1432 1393 1476 nunc
1420 1413 1870 1493 eaquoeadinfldellumboe-

162 1498 401 1572 retimrnmque
429 1493 678 1553 confutationem
707 1493 876 1571 pertinent,
905 1512 1040 1573 quaque
1069 1495 1192 1575 vulgari
1217 1495 1286 1575 jam
1316 1496 1442 1557 nomine
1471 1495 1629 1557 Polemios
1657 1511 1770 1557 vocare
1785 1494 1867 1557 solc-

162 1596 246 1649 mus,
277 1575 309 1635 in
338 1573 439 1634 tribus
467 1590 540 1652 quae
568 1577 687 1633 restant
714 1571 927 1636 voluminibus
955 1576 1210 1655 repraesentanda
1244 1580 1328 1637 sunt.
1357 1578 1436 1638 Nam
1471 1577 1528 1637 etsi
1561 1576 1593 1637 in
1622 1574 1778 1655 prioribus
1805 1574 1870 1637 ittis

163 1656 290 1736 scriptis
317 1651 489 1733 aliquando
515 1671 553 1712 ex
582 1653 746 1714 occasione
774 1662 954 1733 grassantes
982 1673 1104 1719 errores
1128 1656 1184 1719 Vir
1210 1662 1337 1717 sanctus
1364 1656 1577 1736 perstringat;
1606 1674 1669 1717 non
1686 1656 1735 1717 his
1763 1661 1869 1717 tamen

163 1735 321 1815 ejusmodi
358 1734 481 1813 generis
525 1750 656 1812 operum
693 1751 807 1813 scopus
844 1741 922 1808 erat,
961 1736 1087 1815 qualem
1118 1736 1177 1797 sibi
1204 1736 1271 1816 ipse
1298 1737 1330 1797 in
1358 1736 1487 1817 reliquis
1515 1735 1663 1816 operibus
1691 1736 1868 1815 proposuit.

162 1818 253 1889 Quod
292 1814 541 1893 siAugustinum
579 1812 681 1875 obiter
718 1814 749 1873 in
787 1814 952 1877 haereticos
987 1816 1191 1879 disserentem
1231 1823 1320 1878 tanta
1356 1834 1427 1877 cum
1456 1816 1619 1878 volutata
1648 1817 1780 1878 lectores
1806 1815 1870 1877 huc

163 1916 267 1977 usquc
300 1896 524 1957 revolverant:
564 1892 658 1971 longe
694 1893 797 1973 major
831 1914 870 1957 cx
908 1896 1111 1975 sequentibus
1140 1896 1228 1958 libris
1255 1898 1375 1959 fructus
1402 1915 1516 1976 speran
1541 1915 1577 1958 us
1606 1901 1664 1967 cst,
1694 1896 1727 1958 in
1776 1895 1869 1957 nibus

162 1986 250 2040 recto
279 1976 391 2037 ordine
416 1991 453 2035 ac
481 1973 588 2035 dedita
615 1991 714 2053 opera
742 1975 921 2037 uuiversum
949 1994 1092 2038 errorum
1121 1995 1236 2057 corpus
1262 1978 1295 2039 in
1345 1977 1495 2039 articulus
1520 1976 1707 2039 discinditur
1803 1976 1868 2037 dis·

161 2060 309 2139 sipatur;
349 2053 570 2116 hereticorum
607 2054 807 2133 antesignani
835 2063 902 2117 tum
933 2057 1068 2135 publicis
1095 1996 1391 2131 concertationibus,
1423 2064 1490 2119 turn
1518 2057 1608 2119 editis
1636 2056 1864 2119 lucubrationi·

162 2140 223 2201 hus
250 2138 420 2198 vincuntur
447 2152 485 2197 ac
513 2137 773 2213 prosternuntur3
811 2136 945 2198 achilles
982 2137 1118 2219 denique
1150 2156 1188 2199 ac
1215 2139 1365 2217 primaria
1394 2156 1503 2199 eorum
1532 2138 1651 2218 scripta
1676 2137 1710 2198 in
1739 2136 1864 2199 favillas

161 2221 370 2297 rediguntur:
400 2214 481 2276 adeo
509 2220 544 2275 ut
569 2232 640 2275 cum
669 2233 708 2275 ex
758 2214 831 2276 rimi
844 2217 968 2296 generis
982 2218 1106 2297 scriptis
1120 2218 1307 2280 Doctorlbus
1321 2218 1466 2280 catholici
1483 2236 1609 2291 nomen,
1626 2217 1710 2297 quod
1726 2216 1865 2279 nonnul·

160 2301 200 2361 lis
238 2298 334 2361 etiam
359 2294 527 2388 praecipuis
564 2294 710 2356 Ecclesia
736 2235 882 2359 batribus
917 2316 1085 2360 commuue
1114 2307 1172 2371 cst,
1202 2300 1345 2360 retulerit
1371 2299 1585 2377 Augustinus:
1616 2316 1655 2359 ex
1683 2296 1732 2358 his
1761 2302 1865 2377 poste·

161 2380 299 2442 rioribus
328 2395 425 2438 unum
455 2374 515 2437 sibt
542 2375 716 2455 proprium,
760 2394 823 2456 quo
861 2377 984 2439 nullum
1023 2379 1109 2440 aliud
1145 2379 1310 2453 illustrius,
1341 2378 1479 2459 elogium
1508 2396 1527 2440 a
1555 2376 1725 2441 Catholicis
1753 2379 1864 2441 lliero·

160 2466 354 2541 nymoteste
382 2456 540 2529 meruerit,
571 2462 607 2516 ut
635 2454 734 2517 veluti
761 2457 841 2519 alter
867 2459 1006 2537 antiquae
1033 2459 1106 2521 lidei
1138 2458 1283 2522 conditor
1309 2459 1404 2520 etiam
1432 2459 1541 2519 vivens
1567 2463 1599 2519 et
1627 2459 1657 2519 in
1686 2459 1777 2519 terris
1805 2457 1862 2519 ds·

160 2561 239 2622 gens
267 2544 502 2619 agnosceretur.
532 2558 547 2591 «
572 2536 674 2597 Macte
702 2537 828 2610 virtute,
857 2562 873 2593 »
904 2538 1008 2619 inquit
1033 2539 1086 2601 ille
1110 2540 1150 2600 ad
1178 2540 1283 2619 ipsum
1311 2539 1524 2619 augustinum
1539 2539 1689 2611 scribens,
1710 2538 1773 2597 «ln
1788 2536 1865 2599 orbe

164 2648 180 2678 a
207 2620 388 2683 celebraris.
417 2614 570 2679 Catholici
599 2621 628 2677 ιε
655 2617 851 2681 conditorem
879 2619 1018 2699 antiquae
1043 2638 1170 2682 rursum
1198 2620 1272 2681 fidei
1301 2626 1491 2681 venerantur
1517 2624 1613 2699 atquo
1641 2618 1817 2699 suspiciunt
1846 2640 1863 2675 s

160 2703 274 2783 (Epist.
292 2701 350 2761 tub
365 2702 442 2759 enter
456 2696 700 2776 Augustim‘ouas.

200 2782 289 2843 Nihil
302 2781 343 2840 ad
359 2779 490 2858 hujusce
517 2777 600 2838 tituli
627 2781 658 2837 ct
685 2777 778 2856 elogii
806 2778 1110 2841 commendationem
1137 2778 1262 2838 videtur
1284 2778 1377 2856 adjici
1407 2794 1521 2857 posse:
1550 2776 1606 2837 sed
1629 2777 1862 2838 tameneodem

157 2863 191 2924 in
208 2862 280 2923 loco
296 2861 503 2937 Hieronymus
522 2856 639 2930 subdit,
671 2882 687 2914 n
714 2858 838 2936 signum
868 2857 996 2938 maj0ris
1029 2859 1138 2939 gloria
1165 2876 1278 2933 esse,n
1309 2858 1394 2937 quod
1421 2859 1530 2919 Virum
1560 2857 1791 2919 sanctissimum
1817 2854 1860 2919 ob

159 2944 307 3005 eamdem
335 2958 475 3011 causam,
505 2960 521 2994 n
549 2955 659 2999 ornnes
687 2936 826 3001 haretici
852 2939 1124 3002 detestarentur.n
1155 2942 1271 3001 Eorum
1299 2957 1373 3000 vero
1401 2936 1623 2999 malevolentia
1650 2944 1683 2999 et
1701 2937 1861 2999 abaliena-

158 3025 205 3085 tio
234 3042 272 3083 co
299 3038 398 3101 usque
425 3035 592 3099 progressa
618 3023 676 3091 cst,
704 3024 739 3080 ut
765 3037 837 3081 eum
866 3037 884 3080 e
912 3019 1015 3081 medio
1044 3019 1154 3081 tollere
1181 3019 1293 3099 quovis
1320 3020 1482 3099 proposito
1510 3018 1641 3097 praemio
1656 3016 1858 3093 tentaverint,

158 3124 218 3165 nec
247 3102 307 3163 sibi
334 3101 375 3162 ad
410 3098 555 3178 concepti
595 3098 738 3179 capitalis
767 3098 833 3162 odii
860 3099 1023 3161 cumulum
1049 3100 1193 3161 sultlcerc
1214 3099 1367 3180 putarint,
1404 3098 1465 3159 nisi
1493 3099 1587 3159 otiam
1617 3099 1715 3159 Deum
1753 3098 1857 3160 cidem

157 3183 293 3247 consilio
328 3179 495 3260 sullragari
529 3178 594 3239 suis
630 3177 756 3240 asseclis
792 3179 982 3259 persuadere
1016 3184 1215 3254 conarentur,
1255 3179 1370 3258 quibus
1398 3177 1540 3258 polliceri
1566 3195 1630 3239 non
1658 3176 1857 3254 dubitarunt,

160 3290 176 3322 n
196 3262 309 3326 omnia
336 3268 465 3342 peccata
492 3277 513 3319 a
539 3261 604 3320 Deo
631 3257 847 3322 indubitanter
874 3278 941 3321 csse
969 3260 1159 3322 credendum
1188 3278 1280 3340 posse
1307 3259 1423 3321 dimitti
1446 3260 1491 3321 eis
1519 3258 1575 3339 qui
1603 3257 1663 3319 hoc
1690 3259 1794 3321 lacere
1820 3274 1859 3321 ac

160 3370 176 3403 a
206 3344 360 3425 perticere
388 3340 601 3422 potuissent»
633 3338 761 3417 (Possim
789 3341 821 3401 ιἰι
858 3343 921 3401 urla
950 3342 1113 3421 Augustani
1137 3359 1202 3422 cop.
1232 3342 1275 3419 9).
1305 3338 1365 3401 Sed
1395 3337 1539 3401 miranda
1565 3343 1613 3400 cst
1641 3338 1702 3400 hoc
1726 3340 1758 3399 in
1786 3338 1858 3401 loco

158 3424 329 3503 Augustini
344 3421 529 3492 moderatio,
558 3420 645 3498 quod
673 3437 744 3480 cum
773 3438 835 3481 non
864 3421 966 3481 solum
994 3420 1124 3501 privatis
1151 3419 1423 3482 criminationibus
1450 3418 1490 3482 ab
1511 3418 1697 3481 adversariis
1723 3418 1859 3498 impete-

160 3514 258 3578 retur,
290 3504 346 3565 sed
373 3510 405 3563 et
431 3502 471 3563 ab
498 3500 543 3561 cis
571 3504 766 3578 quaereretur
792 3501 832 3562 ad
851 3518 970 3574 necem,
1002 3501 1141 3581 privatas
1168 3500 1348 3562 inimicitias
1374 3499 1444 3562 illas
1471 3500 1516 3560 ita
1545 3498 1764 3580 aequanimiter
1786 3497 1861 3561 tulit

157 3606 196 3647 ac
230 3584 451 3656 dissimulavit,
479 3586 516 3641 ιιι
542 3580 594 3640 vix
621 3578 719 3640 ullam
740 3579 779 3640 de
806 3580 851 3642 eis
875 3580 907 3641 in
935 3580 999 3641 suis
1027 3580 1293 3661 disputationibus
1320 3582 1429 3643 lecerit
1457 3580 1668 3640 mentionem:
1695 3578 1860 3658 necquid-

157 3683 259 3747 quam
287 3665 364 3727 certi
391 3664 430 3724 de
457 3661 619 3722 intentatae
648 3659 693 3719 illi
722 3658 807 3721 necis
835 3659 1068 3722 machinatione
1096 3662 1290 3735 rescircmus,
1320 3661 1380 3721 nisi
1406 3659 1564 3722 Possidius
1577 3659 1609 3719 tn
1624 3661 1692 3737 ejus
1706 3659 1777 3721 Vita
1791 3674 1859 3720 rem

179 3745 296 3808 osteris
331 3744 555 3822 consignasset.
594 3739 735 3811 Quodsi
763 3741 954 3833 quandoque
980 3740 1021 3803 ad
1054 3740 1185 3820 injurias
1213 3739 1272 3801 sibi
1299 3741 1404 3801 illatas
1432 3739 1552 3819 aliquid
1581 3757 1733 3819 reponere
1770 3756 1861 3819 coge·

157 3768 281 3889 batur:
311 3826 343 3885 id
371 3823 547 3900 nonjustae
570 3818 781 3898 indignationi
817 3839 881 3881 suae
918 3821 1087 3892 tribuebat,
1126 3822 1181 3882 sed
1204 3820 1357 3883 lectorum
1383 3819 1523 3893 utilitati,
1547 3818 1603 3899 qui
1629 3819 1746 3899 iniquis
1773 3818 1860 3913 ejus·

156 3907 245 3969 modi
275 3902 546 3967 criminationibus
573 3900 737 3961 averitate
765 3906 893 3979 possent
919 3901 1044 3963 abduci.
1075 3902 1135 3963 Sed
1166 3918 1258 3962 nemo
1287 3899 1398 3962 molius
1426 3908 1490 3961 tam
1520 3900 1674 3961 moderati
1701 3899 1799 3960 animr
1825 3898 1860 3961 in

154 3989 207 4051 his
236 3985 456 4047 occasionibus
484 3988 601 4043 statum
629 3982 828 4060 expresserit,
857 4000 953 4059 quam
988 3982 1182 4060 Augustinus
1208 3982 1288 4061 ipse,
1320 3980 1411 4059 cujus
1433 3980 1499 4041 haec
1520 3979 1619 4041 verba
1641 3980 1761 4041 suntin
1777 3979 1860 4040 libro

155 4061 590 4135 contraPetilianumtertio,
619 4078 688 4141 cap.
719 4064 756 4120 t:
790 4082 806 4119 ι
833 4063 899 4139 Ego
928 4062 1056 4142 quando
1085 4063 1198 4141 cuique
1226 4061 1275 4123 vel
1299 4060 1433 4122 dicendo
1464 4060 1511 4121 rel
1538 4060 1704 4121 scribendo
1732 4076 1860 4139 respon·

160 4176 175 4207 a
204 4149 265 4207 deo
294 4149 388 4209 etiam
417 4140 652 4207 contumeliosis
680 4139 951 4203 criminationibus
978 4140 1150 4215 lacessitus,
1184 4148 1337 4235 quantum
1364 4141 1441 4201 mihi
1470 4141 1621 4201 Dominus
1645 4141 1752 4215 donat,
1783 4141 1853 4201 tra·

163 4254 179 4287 a
204 4227 288 4288 natis
315 4235 410 4306 atque
437 4222 579 4287 contritis
606 4239 697 4284 vanoe
723 4221 947 4301 indignationis
972 4222 1098 4294 aculeis,
1129 4222 1265 4283 auditori
1294 4222 1443 4283 lectorive
1468 4221 1645 4289 consulens.
1670 4240 1734 4281 nun
1749 4237 1809 4299 ago
1823 4223 1860 4280 nt
1948 4238 1951 4243 ·

160 4336 177 4369 s
201 4308 323 4370 efficiar
351 4304 471 4367 homini
499 4300 703 4367 conviciando
731 4303 887 4381 superior,
915 4302 970 4365 sed
998 4320 1137 4363 errorem
1167 4302 1381 4363 convincendo
1409 4301 1608 4362 salubrior.»
1638 4302 1673 4363 ln
1690 4300 1859 4378 hisitaque

156 4387 427 4469 disputationibus
455 4402 503 4446 res
529 4390 598 4445 tota
625 4381 784 4444 rationum
813 4390 845 4443 et
872 4389 1130 4463 argumentorum
1158 4383 1270 4444 validis
1301 4380 1467 4443 momentis
1490 4381 1657 4460 agebatur.
1687 4380 1861 4443 Nonillum

155 4492 176 4535 a
204 4470 370 4551 proposito
397 4462 593 4527 difficultatis
619 4480 715 4543 scopo
743 4461 956 4525 conviciorum
985 4463 1159 4543 propriave
1188 4463 1325 4524 laesionis
1363 4480 1472 4523 sensus
1500 4461 1672 4523 avocabat:
1703 4459 1757 4523 sed
1784 4460 1862 4522 satis

157 4552 223 4615 sihi
251 4548 370 4614 lactum
397 4543 608 4616 existimabat,
637 4542 663 4604 si
692 4542 740 4604 vel
770 4543 890 4624 proprii
918 4543 1046 4605 honoris
1077 4543 1241 4623 dispendio
1269 4542 1417 4605 Ecclesia
1444 4546 1477 4603 ct
1498 4541 1639 4603 veritatis
1662 4540 1736 4620 jura
1764 4539 1862 4621 (quod

157 4650 265 4695 unum
295 4630 353 4692 sibi
379 4628 420 4690 ob
444 4626 552 4688 oculos
580 4622 731 4703 ponebat)
760 4624 955 4685 asseruisset.
986 4626 1022 4686 lu
1037 4624 1217 4685 refellendis
1245 4623 1341 4684 etiam
1366 4622 1586 4684 hereticorum
1608 4624 1803 4701 argumentis
1816 4619 1862 4683 ita

157 4734 191 4775 se
224 4712 356 4796 gerebat
382 4711 497 4770 Ductor
523 4708 661 4778 sauctus,
690 4711 726 4765 ut
753 4710 955 4765 nontantum
982 4721 1090 4765 eorum
1119 4704 1242 4765 animos
1270 4720 1456 4782 exasperare
1484 4720 1581 4843 quam
1608 4702 1745 4764 maxime
1767 4718 1862 4764 cave·

157 4800 229 4871 ret3
261 4792 315 4857 sed
344 4790 449 4861 etism,
480 4784 689 4867 quantumin
717 4784 787 4864 ipso
815 4790 894 4859 erat,
923 4802 977 4846 eos
1000 4784 1041 4845 ad
1055 4783 1196 4845 veritatis
1210 4784 1403 4863 agnitionem
1426 4782 1489 4844 mol
1504 4783 1622 4844 loribus
1637 4789 1669 4844 ει
1690 4780 1861 4848 humanio-

158 4875 251 4937 ribus
278 4872 379 4934 verbis
407 4874 438 4930 et
464 4864 730 4946 appellationibus
759 4882 906 4927 revocare
933 4870 1110 4927 conaretur.
1141 4866 1230 4925 Hunc
1257 4864 1372 4943 agendi
1400 4862 1529 4924 modum
1567 4863 1673 4924 statim
1701 4863 1741 4925 ab
1769 4862 1860 4930 initio

158 4952 433 5018 concertationum
462 4964 591 5010 suarum
618 4945 679 5007 sibi
707 4946 882 5025 proposuit,
912 4946 957 5007 uti
984 4946 1051 5025 ipse
1079 4950 1240 5007 testatur:
1273 4968 1289 5001 n
1317 4948 1417 5005 Deum
1445 4942 1554 5022 rogavi
1586 4949 1735 5023 etrogo,
1766 4946 1861 5009 utin

161 5058 178 5095 a
208 5032 382 5099 retellenda
409 5034 439 5090 et
466 5026 655 5089 revincenda
681 5024 795 5088 haeresi
822 5032 938 5099 vestra,
968 5025 1018 5087 rui
1041 5033 1073 5086 et
1100 5045 1157 5086 nos
1184 5026 1318 5086 fortasse
1341 5023 1572 5104 imprudentius
1600 5042 1696 5103 quam
1725 5022 1860 5091 malitio-

160 5140 178 5173 α
210 5118 277 5178 sius
304 5108 490 5182 adhaesistis,
519 5108 573 5168 dcl
602 5105 679 5167 mihi
708 5112 845 5168 mentem
872 5112 1018 5186 pacatam
1051 5112 1146 5185 atque
1176 5103 1392 5183 tranquillam,
1422 5110 1452 5165 ει
1479 5104 1580 5183 magis
1607 5104 1646 5165 de
1662 5108 1764 5165 vestra
1791 5123 1861 5169 cor·

160 5222 178 5255 a
208 5196 359 5267 rectione,
387 5207 483 5271 qnam
507 5186 546 5250 de
558 5186 762 5248 subversione
776 5187 977 5266 cogitantem.
994 5188 1181 5265 Quanquam
1197 5186 1280 5248 enim
1298 5185 1449 5247 Dominus
1464 5203 1519 5264 per
1532 5201 1638 5245 servos
1661 5200 1735 5243 suos
1763 5202 1861 5267 regna

161 5302 178 5333 a
194 5279 359 5339 subvertat
371 5270 505 5335 erroris:
520 5269 606 5347 ipsos
620 5273 725 5329 tamen
739 5266 895 5341 homines,
912 5268 943 5328 in
982 5273 1112 5330 uantum
1142 5266 1286 5327 homines
1309 5271 1393 5338 sunt,
1422 5264 1635 5327 emendandos
1661 5279 1729 5325 esse
1756 5268 1861 5344 potius

160 5386 177 5415 ‹.
194 5377 294 5438 quam
311 5352 484 5436 perdendos
495 5348 586 5429 jubet
599 5372 615 5405 n
631 5348 643 5428 (
658 5347 723 5410 Lib.
740 5356 842 5409 contro
858 5348 963 5429 Epdto
996 5368 1025 5409 m
1041 5346 1203 5411 Manichaei
1213 5365 1279 5428 cop.
1297 5344 1340 5426 l).
1355 5345 1482 5409 Utinam
1498 5344 1553 5424 qui
1580 5341 1655 5405 lldei
1676 5350 1860 5412 controver-

160 5440 228 5501 sias
244 5440 391 5508 tractant,
405 5431 518 5494 eodem
533 5428 640 5491 animo
654 5429 844 5490 ducerentur
857 5430 864 5489 l

202 5520 271 5581 Etsi
300 5533 395 5598 porro
422 5513 455 5573 in
482 5510 629 5573 omuibus
656 5508 823 5589 Augustini
856 5508 1002 5588 operibus
1039 5527 1163 5570 summa
1190 5506 1258 5587 ejus
1287 5507 1419 5568 facultas
1444 5505 1555 5577 elucet,
1586 5504 1730 5567 nonnihil
1755 5514 1862 5571 tamen

162 5600 295 5678 majoris
323 5592 498 5679 splendoris
525 5589 690 5653 mthotteae
719 5589 788 5669 ejus
817 5588 1060 5668 disceptationes
1073 5607 1137 5667 prae
1165 5590 1341 5659 scierunt;
1370 5585 1451 5646 utin
1480 5585 1564 5645 bello
1591 5586 1813 5665 etpraelloma
1836 5588 1863 5652 ‘s

160 5698 264 5761 qnam
302 5678 336 5739 in
373 5692 452 5771 pace
487 5672 624 5735 militum
638 5669 738 5733 virtus
766 5669 929 5751 probatur.
959 5672 994 5733 ln
1021 5669 1099 5749 ipsis
1126 5670 1209 5730 enim
1234 5668 1358 5747 scriptis
1379 5666 1426 5726 vis
1453 5670 1486 5726 et
1507 5683 1640 5729 acumen
1663 5666 1782 5746 ingenii
1831 5687 1866 5732 o·

158 5762 278 5837 cuins,
292 5756 442 5831 srudtlio,
465 5752 699 5835 Scripturaram
721 5750 844 5835 peritia,
869 5749 1060 5834 eloquentia,
1086 5748 1254 5834 prudentia
1275 5754 1308 5810 et
1321 5745 1505 5825 dexteritas,
1519 5752 1557 5811 ut
1577 5746 1611 5809 in
1625 5748 1756 5831 proprio
1767 5766 1865 5831 argn-

163 5914 254 6047 ὃς
322 5894 457 5963 Parnon.
479 5889 572 5957 xhtl.
1686 5884 1708 5957 l

113 6018 160 6102 ‘h
