3908 6128
16 310 18 317 ’
58 332 62 339 ’
157 350 235 417 rore
476 384 480 395 ·
714 351 765 414 oe
787 348 1014 423 aerumma,
1037 350 1070 411 s.
1093 350 1306 415 auausruu
1784 348 1867 414 sess

155 484 245 542 bomo
255 479 367 556 aliquid
380 483 456 556 quod
464 499 522 540 non
531 482 650 556 cogitat,
660 484 777 557 quaudo
785 482 915 550 aliunde,
924 497 982 538 uon
1037 480 1157 550 seilicet,
1176 481 1378 556 intelligentia,
1394 480 1554 539 voluntate.
1573 481 1653 539 liene
1668 485 1768 539 eutem
1783 498 1865 539 nuuc

155 571 979 646 indecogitat.Duarumergovelpluriumdisciplinarum
1033 569 1098 627 dico
1114 570 1350 642 intelligentiam,
1366 587 1424 641 qua
1438 570 1632 645 intelligimus
1646 570 1820 644 cogitantes,
1833 571 1864 628 id

156 661 280 736 peritus,
288 661 501 732 quaudouuam
508 661 626 735 cogitat,
634 661 722 718 aliem
730 661 774 720 val
781 661 853 718 alias
860 660 980 718 etiamsi
1032 663 1088 730 ast,
1104 660 1223 732 quaudo
1239 659 1281 716 eis
1296 663 1420 733 repertis
1435 676 1498 733 qua
1520 660 1666 717 memorie
1681 663 1781 732 presto
1797 660 1864 716 iue-

156 766 215 808 nou
227 749 345 823 cogitat,
358 750 423 806 novi
436 757 543 807 lamen.
554 751 610 807 Sed
626 751 770 825 numquid
786 755 862 809 recte
876 768 980 824 possu-
1032 752 1108 817 rant,
1124 749 1175 805 sed
1191 765 1248 805 uon
1264 748 1479 822 cogitabantur,
1495 748 1631 820 cogitatio
1642 753 1743 805 nostra
1753 748 1864 805 sorma-

158 855 228 895 mus
241 838 347 905 dicere,
364 839 421 895 lata
441 840 573 896 musicus
596 841 676 897 novit
690 840 810 914 quidem
825 840 980 909 musicam,
1032 838 1102 907 tur;
1118 840 1147 894 ει
1161 853 1225 894 eam
1242 837 1433 908 veluntatem,
1448 836 1509 894 sive
1523 853 1663 909 amorem,
1681 841 1709 893 et
1723 836 1863 894 dilectio·

156 928 209 988 sed
225 943 303 984 nuuc
317 943 382 983 eam
398 943 456 983 uon
475 926 623 1002 iutelligit,
648 928 718 1001 quie
740 946 804 986 eam
828 946 887 986 nou
902 928 980 1002 cogi·
1032 941 1110 991 uem,
1129 943 1192 998 qua
1207 926 1296 983 istem
1312 924 1422 998 prolem
1435 929 1644 998 parentemque
1656 926 1821 1000 conjungit,
1833 931 1864 983 et

156 1018 220 1085 tat;
249 1014 386 1089 intelligit
410 1020 509 1072 autem
548 1033 627 1073 nuuc
658 1017 877 1096 geometricam,
905 1016 981 1074 hanc
1032 1014 1861 1088 quedammodoutrisque¹communisset.Hiucl'actum

156 1104 235 1162 euim
253 1121 331 1161 nune
346 1104 477 1177 cogitati
492 1105 629 1162 Absurde
652 1110 706 1176 ast,
733 1110 878 1180 quantum
891 1122 981 1180 appe·
1031 1102 1216 1159 estutetiam
1229 1119 1281 1176 per
1292 1104 1435 1160 exteriora
1447 1103 1598 1163 sensibilia
1613 1121 1676 1177 que
1692 1121 1744 1177 per
1756 1104 1862 1161 oculos

36 1262 41 1273 .
157 1197 212 1259 ret,
227 1193 284 1250 ista
298 1193 453 1250 sententia.
470 1193 544 1259 Ouid
559 1194 648 1251 etiem
659 1194 721 1266 illa,
732 1196 757 1252 si
768 1196 912 1266 dicamus,
924 1199 981 1252 lste
1031 1191 1128 1248 carnia
1143 1192 1288 1264 videntur,
1302 1190 1462 1265 legentium
1478 1193 1613 1250 ducerem
1628 1193 1814 1266 tarditatem,
1830 1193 1861 1249 iu

157 1281 289 1340 musicus
305 1282 385 1338 novit
397 1282 517 1356 quidem
528 1283 685 1353 musicam,
695 1286 746 1342 sed
758 1301 835 1341 nuuc
846 1301 910 1340 eam
922 1301 980 1341 uou
1031 1280 1185 1338 undecimo
1196 1279 1310 1338 seilicet
1319 1280 1394 1338 libro
1404 1298 1411 1337 ι
1421 1282 1660 1354 atqnaiudecum
1671 1283 1714 1339 eis
1725 1282 1862 1356 ingrede-

159 1375 251 1441 emet,
267 1372 385 1443 quando
401 1388 466 1427 eam
477 1388 535 1428 uon
550 1373 680 1445 cogitat;
696 1378 776 1430 emat
789 1379 887 1432 autem
903 1390 981 1430 uuue
1031 1371 1124 1426 rerad
1134 1368 1257 1426 heminis
1269 1369 1417 1427 interioris
1427 1387 1491 1426 eam
1502 1371 1662 1444 potentiam
1675 1371 1862 1444 quaratioci-

156 1459 981 1537 geometricam¹,quoniamnuucipsemeogitattuouue
1031 1458 1862 1533 naturdetemporalibusrebua,dillaraus¹‚illemprinci·

157 1547 295 1605 similiter
304 1550 433 1605 absurda
442 1549 507 1606 esti
518 1549 691 1608 Rectissime
701 1567 767 1608 vero
778 1550 914 1622 dicimus,
926 1551 981 1607 iste
1031 1545 1136 1620 paliter
1146 1547 1347 1604 dominantem
1358 1565 1417 1621 qua
1427 1547 1797 1621 contemplatus-eternas:
1815 1554 1862 1606 at·

157 1652 246 1710 quam
260 1637 403 1710 perspicis
418 1638 454 1695 de
468 1639 644 1711 geometrica
665 1639 876 1712 disputantem,
891 1639 980 1696 etism
1031 1635 1860 1711 quaidduobusvoluminibusegi,duodeeimoutrumque

157 1725 305 1799 perlaetus
322 1730 367 1782 ast
381 1726 532 1796 musicus;
550 1744 619 1784 nam
634 1731 663 1785 et
673 1728 980 1802 meminitdiscipliua
1031 1723 1214 1793 discernens,
1225 1741 1352 1798 quorum
1363 1741 1455 1781 uuum
1467 1726 1665 1800 estsuperins,
1678 1725 1859 1784 elterumin·

158 1814 234 1884 alus,
250 1818 280 1870 ει
291 1813 431 1887 intelligit
445 1830 509 1870 eam
523 1818 553 1870 et
567 1813 681 1887 diligit:
699 1816 750 1872 sed
766 1815 900 1888 quamvis
915 1831 979 1873 eam
1031 1811 1221 1885 larius,quod
1231 1813 1376 1886 superiori
1384 1814 1534 1871 subditum
1544 1830 1611 1871 esse
1619 1815 1861 1884 debet3tertiode·

158 1901 273 1959 noverit
287 1906 317 1959 at
331 1906 418 1971 amet,
435 1919 514 1959 nunc
529 1902 609 1959 illam
631 1920 689 1962 uon
705 1905 825 1977 cogitet,
840 1902 979 1977 quoniam
1031 1901 1108 1957 eimo
1120 1905 1218 1957 autem
1228 1903 1263 1958 de
1280 1918 1402 1959 munere
1414 1902 1572 1969 interioris,
1583 1919 1641 1976 quo
1657 1903 1857 1962 humanarum

157 1991 366 2066 geometricam
377 1992 413 2047 de
427 2008 484 2061 qua
496 1991 637 2064 disputet,
657 1993 773 2066 cogitat.
792 1993 863 2050 ilinc
878 1994 980 2051 admo·
1031 2005 1130 2046 rerum
1141 1989 1264 2047 scientia
1274 1989 1402 2047 salubris
1413 1991 1589 2059 continetur,
1599 1998 1628 2049 ει
1637 1993 1667 2048 iu
1679 1992 1735 2049 bec
1745 1997 1857 2066 tempe

157 2079 603 2137 nemuressauobisinebdito
615 2081 981 2154 mentisquerumdamra·
1031 2077 1159 2136 ralivira
1184 2079 1214 2135 id
1239 2095 1363 2152 agamus
1386 2096 1445 2152 quo
1469 2096 1686 2154 consequamur
1704 2086 1859 2153 aternam,

157 2184 225 2226 rum
241 2169 385 2240 quaedam
401 2168 532 2235 notities,
547 2172 577 2224 ει
590 2173 660 2226 tune
675 2171 801 2242 quedam
820 2171 905 2228 modo
917 2187 981 2244 pro·
1031 2170 1142 2240 quauta
1152 2167 1233 2240 potui
1246 2168 1365 2225 veritate
1376 2184 1410 2225 ec
1422 2169 1563 2227 brevitate
1574 2169 1701 2227 disserui
1713 2172 1860 2243 :quaudo-

157 2257 259 2314 cedere
273 2257 303 2313 in
320 2256 462 2328 medium,
474 2261 561 2329 atque
571 2257 601 2313 iu
612 2264 769 2331 conspeetu
781 2259 889 2318 mentis
901 2259 981 2317 velut
1031 2256 1149 2328 quidem
1161 2272 1223 2313 rem
1233 2261 1294 2313 tem
1306 2256 1501 2329 multiplicem
1512 2263 1601 2331 atque
1609 2258 1771 2333 copiosam,
1783 2258 1859 2316 mul·

157 2346 290 2418 apertius
303 2345 457 2416 constitui,
472 2346 589 2418 quaudo
613 2347 798 2420 cogitantur:
816 2352 886 2406 tunc
900 2350 979 2407 enim
1031 2347 1129 2402 torum
1140 2350 1228 2417 etque
1240 2362 1415 2419 magnorum
1425 2345 1675 2419 disputationibus
1683 2347 1788 2405 multis
1796 2365 1859 2407 ma-

157 2449 190 2492 se
203 2435 269 2508 ipsa
285 2451 378 2502 meus,
390 2440 419 2490 et
429 2432 610 2503 meminisse,
621 2439 650 2490 et
660 2434 832 2509 intelligere,
843 2441 872 2494 et
881 2454 980 2496 amare
1030 2433 1157 2507 gulaque
1168 2434 1357 2506 celebratam,
1369 2452 1427 2494 uuo
1438 2436 1563 2492 strictim
1579 2435 1727 2494 volumina
1739 2437 1858 2508 inclusi,

157 2521 278 2592 invenit,
290 2523 380 2581 etiam
391 2522 469 2579 uude
480 2538 538 2579 uon
548 2522 704 2597 cogitabat,
716 2525 921 2598 queudoaliud
932 2543 980 2584 eo·
1031 2523 1191 2579 ostendens
1216 2524 1305 2580 etiam
1335 2524 1365 2579 iu
1393 2526 1458 2598 ipse
1472 2524 1646 2594 trinitatem,
1660 2527 1710 2584 sed
1726 2529 1859 2584 noudum

158 2611 281 2686 gitabat.
297 2611 353 2669 Sed
369 2612 447 2669 unde
462 2612 512 2668 diu
528 2628 586 2668 uon
607 2611 842 2684 cogitaverimus,
859 2619 888 2672 at
903 2617 980 2674 uude
1032 2628 1096 2686 que
1111 2611 1160 2668 lici
1176 2612 1215 2669 sit
1227 2611 1325 2685 imago
1340 2612 1472 2670 dicenda.

72 2716 75 2725 ¹
157 2701 286 2775 cogitare
300 2701 357 2758 nisi
372 2699 543 2758 commoniti
554 2717 612 2760 uon
623 2702 765 2772 velemus,
777 2703 806 2760 id
818 2720 871 2761 uos
882 2706 980 2762 nescio
1066 2700 1182 2759 CAPUT
1194 2702 1377 2759 vill-ll.
1397 2703 1520 2759 Trieites
1544 2719 1603 2776 quea
1624 2705 1860 2779 emerendam

26 2792 40 2843 '.
156 2805 216 2864 quo
230 2791 391 2863 eodemque
406 2791 481 2847 miro
496 2791 594 2859 modo,
610 2791 635 2847 si
646 2795 741 2864 potest
751 2791 903 2861 diei,scire
913 2810 978 2851 ues-
1032 2790 1782 2864 querendoinprincipalimentiaparte.Nuuereroad
1793 2810 1859 2851 eam

66 2916 70 2923 -
156 2878 263 2936 cimus.
277 2879 410 2952 Denique
436 2883 513 2937 recte
539 2880 575 2937 ab
600 2897 634 2937 eo
649 2881 700 2953 qui
715 2885 935 2951 commemorat,
953 2883 980 2939 ei
1027 2880 1090 2951 jam
1101 2879 1862 2955 pervenimusdisputationem,'ublpriucipaleman-

155 2970 260 3040 quem¹
273 2973 483 3026 commemoret
496 2968 622 3026 dicitur:
638 2969 701 3026 Seis
713 2969 779 3037 boc,
795 2971 846 3026 sed
863 2971 937 3028 scire
951 2976 980 3028 te
1031 2969 1068 3026 tie
1084 2967 1231 3035 humana,
1247 2985 1305 3042 quo
1320 2970 1400 3026 novit
1417 2971 1507 3027 Deum
1518 2968 1562 3026 vel
1573 2975 1668 3043 potest
1678 2986 1777 3041 nosse,
1789 2988 1860 3028 cou-

154 3057 267 3126 ueseis3
278 3059 523 3129 commemorabo,
531 3061 560 3114 et
570 3058 701 3115 invenies
711 3061 739 3115 te
749 3059 888 3117 scientem
900 3062 978 3134 qaod
1031 3055 1220 3114 siderandum
1235 3058 1432 3131 suscepimus,
1449 3064 1483 3115 ut
1497 3059 1527 3114 in
1542 3075 1576 3116 eo
1591 3058 1773 3132 reperiemus
1783 3059 1860 3117 ima·

18 3128 40 3229 ζ’,
154 3145 311 3202 euasura
327 3148 491 3219 putaveras.
504 3146 799 3220 Magnentiacae,
811 3150 978 3221 puadonis
1030 3145 1129 3219 ginem
1146 3145 1205 3202 oei.
1230 3145 1371 3210 Quamvis
1394 3147 1473 3203 enim
1499 3146 1861 3207 meorhumenanonsit

153 3233 243 3291 rebus
257 3233 429 3308 conscripta
444 3238 524 3306 suut,
541 3251 615 3307 ques
630 3251 677 3292 res
687 3235 760 3292 duce
772 3236 884 3295 ratione
895 3256 978 3296 veras
1030 3235 1095 3308 ejus
1109 3239 1219 3291 nutura
1235 3236 1320 3307 cujus
1336 3240 1382 3292 εει
1395 3235 1492 3292 Deus:
1518 3234 1614 3310 imago
1630 3241 1730 3294 tamen
1744 3243 1860 3296 nature

154 3336 219 3380 asse
234 3322 343 3379 invenit
358 3322 466 3381 lector:
488 3340 546 3380 uon
571 3341 645 3397 quas
667 3341 751 3382 veras
766 3340 830 3382 esse
846 3328 937 3384 eredit
951 3328 978 3386 ei
1029 3324 1092 3396 ejus
1106 3340 1165 3396 que
1178 3327 1285 3380 natura
1298 3323 1402 3380 melior
1416 3323 1498 3382 uulla
1518 3330 1573 3397 est,
1590 3325 1630 3383 ibi
1645 3329 1807 3399 querenda
1829 3333 1861 3385 et

155 3411 205 3484 qui
221 3411 348 3484 scripsit,
365 3412 443 3468 sieut
456 3411 565 3485 legitur
584 3411 724 3482 historia;
739 3415 790 3470 sed
806 3431 880 3487 quas
894 3433 977 3474 veras
1029 3411 1204 3469 invenienda
1218 3417 1263 3470 est
1277 3413 1305 3469 iu
1327 3413 1424 3482 nobis,
1447 3430 1505 3487 quo
1528 3412 1617 3471 etlam
1634 3419 1741 3472 natura
1758 3421 1861 3473 nostra

154 3513 219 3556 asse
234 3499 322 3557 etlam
338 3500 401 3572 ipse
417 3500 536 3568 invenit,
563 3501 622 3558 sive
639 3503 717 3574 apud
733 3518 775 3571 se,
791 3504 896 3561 sivein
913 3505 978 3579 ipss
1030 3501 1103 3558 nibil
1119 3501 1208 3558 babet
1223 3501 1339 3559 melius.
1356 3503 1411 3559 Sed
1426 3503 1510 3574 prius
1523 3520 1607 3560 meus
1619 3503 1649 3560 iu
1663 3520 1693 3560 se
1708 3504 1775 3578 ipss
1790 3522 1860 3563 con·

154 3588 264 3645 meutis
277 3589 344 3646 luce
358 3589 487 3646 veritate.
499 3589 553 3654 Oui
568 3606 635 3646 vero
649 3607 702 3647 nec
721 3592 890 3650 admonitus
901 3588 991 3651 velet'
1029 3589 1186 3647 siderauda
1200 3595 1245 3647 est
1258 3595 1418 3664 antequam
1434 3592 1474 3648 sit
1495 3592 1642 3666 particeps
1658 3594 1718 3664 Dei,
1734 3598 1766 3651 et
1780 3594 1810 3651 iu
1824 3612 1865 3653 es

16 3672 55 3747 ξ’.
152 3674 210 3734 ista
229 3677 371 3748 contueri,
387 3694 495 3750 magna
515 3679 644 3735 cecitate
665 3679 773 3748 cordis,
788 3681 916 3738 tenebris
931 3683 977 3756 ig·
1028 3679 1201 3754 reperienda
1216 3684 1261 3735 est
1276 3680 1373 3753 imago
1389 3680 1464 3751 eJus.
1481 3680 1613 3737 Diximus
1627 3681 1706 3738 enim
1721 3698 1789 3739 eam
1802 3683 1859 3741 etei

152 3767 294 3823 uersutia
309 3767 461 3823 demersus
476 3769 523 3824 est
538 3766 638 3837 altius,
649 3768 868 3826 etmirebiliore
878 3771 976 3829 diviua
1029 3766 1140 3824 amissa
1153 3767 1204 3824 Dei
1228 3767 1451 3839 participatione
1472 3767 1633 3826 obsoletam
1654 3772 1744 3843 etque
1760 3771 1859 3829 deier-

152 3869 207 3926 ope
222 3854 343 3928 indiget,
359 3859 393 3912 ot
407 3855 501 3927 possit
514 3855 550 3911 ed
566 3871 664 3913 veram
684 3857 860 3930 sapientiem
877 3876 975 3932 perve-
1029 3872 1118 3925 mem,
1134 3854 1184 3912 Dei
1200 3861 1298 3913 tamen
1311 3856 1470 3931 imaginem
1482 3874 1652 3930 permanere
1662 3859 1781 3933 (Sapra,
1792 3878 1855 3935 sep.

149 3941 224 4000 nire.
1028 3944 1066 4018 l).
1082 3945 1120 4001 Ea
1135 3947 1244 4019 quippe
1258 3944 1322 4019 ipso
1336 3945 1434 4020 imago
1446 3945 1510 4018 ejus
1529 3950 1584 4015 est,
1608 3963 1667 4020 quo
1682 3948 1748 4020 ejus
1763 3966 1857 4025 capsa

187 4030 232 4088 10.
243 4033 365 4103 Propter
373 4030 429 4088 hoe
443 4032 542 4104 itaqua
556 4032 635 4089 volui
650 4033 686 4089 de
700 4034 874 4108 cogitatione
889 4036 974 4094 adbi-
1026 4038 1081 4103 est,
1096 4035 1220 4106 ejusque
1235 4034 1378 4108 particeps
1394 4051 1460 4092 esse
1471 4039 1568 4108 potest
1581 4059 1589 4104 ;
1601 4038 1679 4109 quod
1694 4041 1758 4095 tem
1774 4057 1856 4114 mag-

19 4100 24 4197 Ἰ
45 4156 51 4163 -
72 4156 75 4161 ·
149 4117 219 4176 bare
228 4117 443 4194 qualecumque
454 4122 673 4190 documentum,
684 4138 743 4195 quo
751 4128 852 4197 posset
859 4128 972 4184 ostendi
1027 4139 1099 4179 uum
1114 4115 1236 4195 bouum,
1253 4124 1309 4179 nisi
1322 4123 1436 4194 perboe
1447 4124 1524 4197 quod
1536 4124 1634 4199 imago
1646 4126 1712 4198 ejus
1723 4132 1781 4201 est,
1795 4146 1854 4186 uon

149 4208 454 4283 quomodoexiisqua
464 4210 807 4285 memoriacoutiueutur‚
817 4215 972 4273 recordan-
1026 4212 1149 4285 potest⁸.
1163 4212 1234 4268 Ecce
1247 4228 1316 4285 ergo
1332 4227 1415 4269 meus
1432 4212 1566 4269 meminit
1581 4214 1638 4283 sui,
1653 4214 1796 4291 iutelligit
1810 4235 1853 4289 sa,

28 4316 35 4324 ·
147 4295 972 4373 lisaciesiulormetur,attelenliqaidgignaturubihomo
1026 4300 1121 4374 diligit
1136 4317 1188 4358 se:
1205 4301 1259 4357 boc
1272 4301 1297 4357 si
1314 4301 1474 4367 ceruimus,
1490 4303 1649 4370 cernimus,
1665 4304 1852 4377 trinitatem

22 4394 42 4413 ¹·
147 4385 268 4459 cogitat.
281 4386 368 4459 quale
380 4387 410 4443 iu
422 4386 470 4444 illo
480 4392 544 4444 eret
554 4387 603 4444 ubi
614 4392 682 4445 aule
692 4389 899 4462 cogitationem
911 4409 971 4450 me·
1026 4389 1290 4461 nondumquidem
1314 4388 1418 4457 Deum,
1444 4389 1495 4446 sed
1515 4392 1580 4461 jam
1602 4391 1763 4464 imaginem
1790 4395 1850 4452 Dei.

148 4472 288 4531 minaret:
298 4477 367 4548 quie
378 4476 972 4552 luciliusdignoscitur,quodtemporeae·
1025 4477 1089 4538 Non
1104 4477 1267 4536 lorinsecus
1282 4477 1395 4550 accepit
1405 4480 1550 4535 memorie
1563 4481 1641 4552 quod
1655 4484 1782 4551 teneret,
1797 4501 1852 4542 neo

148 4560 968 4640 cedit,etubiparensprolemspetiotemporisauteeedit.
1024 4566 1095 4625 loris
1106 4567 1216 4623 invonit
1226 4566 1304 4640 quod
1315 4565 1461 4639 aspiceret
1471 4566 1647 4634 intellectus,
1659 4567 1738 4627 sicut
1747 4587 1850 4645 corpo·

19 4712 24 4721 ,
146 4648 219 4709 Nam
231 4652 256 4708 si
268 4668 321 4709 uos
332 4653 493 4711 reseremus
503 4654 539 4710 ad
553 4652 721 4712 interiorem
737 4656 843 4713 mentis
857 4672 969 4715 memo·
1023 4655 1064 4714 ria
1079 4655 1203 4712 oculus:
1219 4671 1273 4712 nee
1287 4654 1426 4727 istudne,
1442 4654 1852 4732 velatlormameorporis,et
1943 4707 1948 4721 ,

50 4736 53 4743 ’
146 4739 221 4797 mam
237 4756 297 4813 que
310 4740 356 4798 sui
372 4740 515 4811 meminit,
526 4746 555 4799 et
564 4743 732 4800 interiorem
745 4744 968 4817 intelligentiam
1022 4759 1088 4802 eam
1101 4761 1166 4818 que
1180 4743 1248 4800 iude
1263 4744 1338 4800 iacta
1352 4746 1398 4800 εει
1408 4741 1439 4800 in
1450 4742 1512 4801 acie
1521 4747 1699 4818 contuentis,
1711 4748 1851 4809 voluntas

144 4828 402 4903 quasaintelligit,
414 4830 968 4907 etinterioremvoluntatemquasedi·
1023 4833 1094 4890 loris
1105 4832 1221 4905 junxit:
1238 4848 1290 4889 uec
1308 4830 1468 4906 imaginem
1492 4832 1612 4907 reique
1629 4833 1699 4892 ioris
1714 4837 1780 4896 visa
1791 4843 1848 4908 est,

142 4913 281 4991 ligit,ubi
293 4917 354 4974 bae
365 4919 421 4975 tria
432 4918 522 4976 simul
533 4936 649 4993 semper
664 4925 746 4993 suut,
761 4927 790 4979 et
804 4923 967 4994 sempersi·
1021 4923 1150 4996 quedam
1166 4922 1252 4979 modo
1266 4926 1382 4994 raptam
1406 4926 1435 4978 at
1449 4921 1480 4978 iu
1504 4923 1647 4980 memorie
1664 4929 1850 4988 reconditam

141 5005 966 5084 moliuernutexquoessecaeperunt,sivecogitareutur‚
1021 5009 1596 5084 cogitatioeumedeemconverteretur,
1610 5012 1850 5085 iuvenit,etindc

18 5136 21 5143 .
57 5140 65 5153 ..
141 5093 966 5173 sivauoncogitarentur,videbiturquidemimagoillius
1022 5099 1166 5157 sarmatas
1177 5098 1238 5154 esu
1248 5097 1428 5155 recordantis
1438 5098 1568 5166 obtutus,
1576 5099 1723 5174 jungente
1734 5109 1853 5163 utrum·

140 5183 284 5241 trinitatis
295 5189 324 5241 et
334 5185 369 5241 ed
380 5183 474 5242 solam
483 5185 655 5242 memoriam
666 5186 967 5262 pertinerezsedquia
1021 5186 1852 5261 quetertiavolantate:aieutiueisostendebamustriui·

41 5304 45 5309 ·
140 5271 313 5330 ibiverbum
324 5290 389 5330 esse
400 5272 464 5331 sina
474 5274 649 5348 cogitatione
664 5292 721 5332 nou
737 5284 830 5348 petest
845 5277 966 5350 (cogite
1019 5275 1132 5335 tatibus
1142 5273 1215 5345 lieri,
1231 5291 1295 5347 qua
1309 5273 1339 5330 iu
1350 5275 1438 5332 rebus
1448 5274 1649 5348 corporalibus
1658 5280 1850 5352 reperieban-

143 5361 300 5417 musenim
311 5363 486 5435 omnequod
503 5363 642 5432 dicimus,
661 5363 749 5419 etiam
768 5362 967 5423 illeiutariore
1020 5369 1079 5434 tur,
1090 5363 1134 5422 vel
1144 5381 1179 5421 ex
1189 5363 1362 5438 corporibus
1372 5379 1549 5437 persensae:
1560 5365 1850 5439 corporieiutroraus

26 5450 29 5455 '
142 5448 229 5506 verbo
244 5450 321 5521 quod
338 5451 374 5507 ad
391 5450 500 5508 nullius
515 5451 612 5525 gentis
629 5452 754 5525 pertinet
768 5451 922 5526 lingnam),
935 5454 965 5512 iu
1020 5454 1148 5528 quodam
1159 5450 1849 5523 medotrahebautur3dequibusomuibusiuli·

29 5608 32 5615 Ι
142 5536 965 5614 tribospotiueillisimagoistacognoscitur,memorie
1051 5557 1559 5622 rpf,1,ugd,v0n‚1,0v.tagant.atri
1576 5570 1618 5610 aa.
1665 5562 1703 5614 u,

175 5676 361 5740 titulatione,
394 5682 565 5745 eometrieam,
580 5682 725 5746 habebant,
739 5685 917 5750 geometriam.
1049 5622 1154 5745 ῗὲἓὶιῧξ
1167 5620 1552 5756 ffigffimgumtffi
1567 5634 1688 5753 affiti-
1702 5687 1799 5745 1111·

169 5739 236 5793 ¹1te
250 5741 316 5794 lise.
329 5695 401 5795 gp&
415 5756 488 5810 vero,
503 5746 554 5797 coi.
568 5745 603 5800 et
621 5747 694 5810 lies..
708 5760 793 5814 qum.
1050 5747 1165 5801 *Plures
1178 5746 1252 5809 llas,
1264 5743 1327 5798 aede
1344 5696 1502 5811 ‘Imm
1513 5748 1561 5800 ⁶⁸⁸·
