3908 6128
116 483 176 543 tac
677 477 796 541 LlBllll
816 472 1028 538 vlensltltts
1051 476 1267 543 SECUNDUS.
1764 488 1825 549 426

150 612 270 671 CAPUT
283 610 401 671 xxxix.
417 642 452 655 -
471 611 546 669 Gum
571 616 670 669 autem
685 611 793 668 dicitur
816 609 852 665 de
867 611 947 681 putre
1005 608 1150 681 supplicio
1168 612 1245 683 ignis
1261 613 1372 670 aterni.
1384 613 1465 670 Sicut
1479 616 1578 672 autem
1594 614 1673 673 aliud
1684 632 1777 691 genus
1791 619 1828 677 ho

116 719 179 760 esse
194 718 325 760 sororem
336 701 445 758 christi
460 700 633 769 Ecclesiam,
646 716 703 757 uon
719 700 753 756 de
769 704 872 767 matre,
888 712 945 753 non
1001 696 1115 753 minum
1132 696 1162 754 in
1178 700 1244 771 ejus
1259 718 1347 758 uxore
1362 703 1521 775 ssguratum
1534 708 1589 774 est,
1600 720 1701 761 eorum
1713 706 1827 765 scilieet

115 798 237 849 terrena
247 789 772 864 generationisqueevacuabitur,sed
785 786 947 861 gratiaots·
1001 786 1052 859 qui
1068 803 1120 858 per
1135 790 1260 861 gratiam
1287 790 1335 847 [tei
1350 792 1454 863 vocati,
1470 797 1547 849 retro
1573 793 1753 866 respiciunt;
1769 813 1827 853 nou

115 880 197 939 lestis
211 897 277 953 qua
292 882 322 936 in
337 888 480 936 aternum
498 878 782 951 manebit,cognatio
796 890 945 933 commen·
1000 874 1078 931 sicut
1088 876 1208 946 Paulus,
1218 877 1268 950 qui
1281 895 1384 951 eaqure
1396 882 1747 951 retroeuntobliuiscitur,
1758 888 1788 941 et
1797 884 1827 942 iu

116 971 211 1027 datur.
227 970 398 1027 Secundum
409 986 498 1040 quam
509 969 634 1041 gratiam
645 984 738 1039 genus
751 966 873 1023 mortale
886 982 944 1021 non
999 979 1033 1019 ea
1048 981 1113 1036 qua
1127 972 1196 1022 ante
1211 973 1281 1022 sunt
1294 968 1461 1025 extenditur
1475 970 1609 1043 (Philipp.
1625 989 1666 1043 ιιι,
1679 974 1733 1043 13).
1744 972 1828 1031 Unde

116 1060 238 1126 erimus,
254 1063 374 1131 accepta
390 1062 533 1130 potestate
549 1062 580 1113 ut
591 1057 643 1112 filii
658 1056 710 1113 Dei
724 1058 898 1112 vocemuret
908 1054 946 1109 si·
1001 1058 1032 1109 et
1043 1053 1106 1126 ipae
1122 1055 1275 1124 Dominus,
1286 1057 1379 1125 Neruo,
1391 1058 1828 1133 inquit,r'mpouerumauumru·

116 1147 304 1217 mus(l.loon.
315 1164 359 1211 nr,
371 1146 409 1217 1).
420 1147 522 1220 Neque
532 1148 611 1202 cuim
622 1146 696 1202 hano
707 1145 832 1219 gratiam
846 1144 881 1200 de
893 1143 947 1216 Sy·
999 1158 1050 1215 per
1063 1152 1201 1211 aratrum,
1217 1151 1244 1201 et
1258 1148 1404 1223 respiciens
1414 1156 1497 1215 retro,
1506 1152 1586 1220 aptus
1599 1157 1639 1206 est
1652 1152 1827 1219 repuocoeto·

117 1252 229 1309 nagogs
241 1242 337 1292 matre
347 1236 454 1292 Christi
466 1236 629 1292 secundum
641 1252 769 1301 carnem,
779 1235 829 1291 sed
841 1234 876 1290 ds
890 1238 947 1289 Deo
1001 1248 1066 1289 rum
1081 1234 1157 1304 (tue.
1175 1251 1212 1305 rx,
1227 1234 1283 1307 62).
1301 1235 1358 1292 Nec
1382 1235 1455 1292 illud
1470 1237 1636 1310 exemplum
1654 1239 1755 1308 tacuit,
1770 1255 1827 1313 quo

116 1324 941 1399 petrapercepimuallancverocognationemterrenam,
1002 1324 1827 1401 nostanquamsalecondiret,utnonlatuiuegligeremus,

116 1414 355 1487 quaeadmortem
363 1412 807 1487 temporalitergenerat,uocans
817 1412 847 1467 iu
859 1411 946 1468 aliem
1001 1411 1053 1467 sed
1069 1412 1231 1483 prudentes
1245 1428 1414 1471 caveremus
1424 1414 1479 1471 hoc
1493 1414 1616 1472 malum.
1632 1416 1715 1475 Unde
1725 1424 1753 1475 et
1767 1418 1828 1488 illa,

116 1506 206 1561 ritem
221 1504 272 1559 uhi
288 1503 390 1559 nullus
406 1503 540 1573 moritur,
553 1519 659 1576 negare
674 1518 728 1559 uos
742 1501 878 1559 Christus
892 1502 945 1557 do·
1001 1502 1034 1553 ut
1049 1498 1104 1556 hoe
1128 1501 1306 1570 admoneret,
1322 1502 1352 1559 in
1377 1506 1506 1560 statuam
1525 1504 1596 1560 salis
1620 1520 1759 1563 conuersa
1773 1510 1829 1565 est.

117 1594 187 1665 cuit,
202 1609 262 1649 non
277 1591 372 1660 lateri,
384 1608 451 1648 cum
462 1591 617 1664 discipulis
632 1592 689 1649 ait:
702 1592 741 1649 Ne
754 1592 828 1647 uobis
844 1590 947 1647 dicatis
1001 1586 1830 1666 Nemeumpraeciperetutsequisqueperseverantissima

116 1684 260 1755 patremin
269 1686 363 1745 terra:
374 1698 445 1737 unus
455 1684 576 1738 estemm
585 1684 670 1737 Pater
679 1682 822 1752 vesterqur'
832 1682 864 1736 iu
874 1680 948 1735 caelia
1003 1678 1182 1735 anteriorum
1193 1679 1398 1737 intentioneah
1407 1680 1516 1755 iisqua
1524 1686 1600 1739 retro
1612 1688 1682 1741 sunt
1693 1683 1828 1759 eriperet,

118 1771 433 1842 eu(ltarm.xx111‚9).
459 1772 550 1841 Cujus
566 1769 606 1825 rei
623 1770 744 1841 prahuit
767 1768 946 1841 exemplum,
1003 1769 1176 1839 Mementote,
1200 1769 1307 1841 inquit,
1331 1773 1428 1827 uxoris
1446 1772 1514 1827 nott
1538 1772 1589 1845 (ld.
1614 1789 1684 1841 xvir,
1700 1773 1756 1845 32).
1781 1772 1830 1831 sio

120 1862 237 1933 qnando
251 1867 280 1917 et
296 1862 358 1932 ipse
372 1861 446 1916 dixit
462 1877 468 1915 :
486 1861 553 1928 Qum
566 1860 638 1915 milri
651 1868 749 1928 mater,
765 1863 813 1915 aut
826 1860 877 1931 qm'
887 1864 946 1930 {ra-
1001 1855 1089 1912 etiam
1104 1856 1134 1911 in
1149 1856 1213 1930 ipso
1229 1858 1313 1926 Loth,
1323 1860 1441 1930 quando
1456 1876 1565 1917 eumeo
1580 1859 1647 1916 filia
1662 1863 1828 1919 eoneubue-

121 1954 195 2007 trer?
207 1952 246 2006 Et
261 1950 410 2007 extendeus
426 1967 541 2005 manum
558 1966 641 2019 super
655 1948 818 2021 discipulos,
828 1951 867 2004 or't
883 1967 893 2005 :
908 1950 949 2004 lli
1003 1950 1082 2010 runt,
1098 1961 1156 2002 non
1171 1945 1244 2002 illud
1261 1949 1338 2019 quod
1354 1965 1420 2004 cum
1434 1965 1451 2004 a
1466 1949 1602 2007 Sodomis
1615 1949 1758 2008 liberatus
1772 1954 1827 2022 est,

122 2040 293 2109 muttratres
303 2040 411 2093 meiltt
423 2055 458 2093 ne
469 2037 626 2109 quisquam
638 2037 730 2092 inhoc
740 2035 947 2092 voeabuloter·
1001 2034 1052 2090 aad
1069 2034 1149 2090 aliud
1165 2035 1278 2108 aliquid
1294 2036 1453 2109 figuratum
1466 2043 1521 2095 est.
1532 2038 1605 2095 Nam
1621 2039 1751 2097 tuncille
1765 2040 1829 2114 ipse

123 2126 430 2199 ranamcognationern
442 2124 774 2197 cogitarct‚adJ‘unxtt,ltt
785 2126 947 2195 quicumque
1002 2121 1075 2178 Loth
1087 2122 1194 2180 lutura
1207 2124 1414 2197 Legisvidetur
1419 2131 1550 2198 gestasse
1559 2144 1726 2201 personam,
1738 2144 1828 2201 quam

124 2217 214 2288 tuerit
224 2217 395 2271 uoluntatem
408 2216 501 2269 Patris
512 2215 578 2281 mei,
590 2216 647 2286 ipse
656 2215 728 2269 milri
736 2216 835 2285 frater,
847 2217 873 2269 et
887 2228 947 2269 ma·
1002 2210 1122 2283 quidam
1139 2226 1174 2267 ex
1189 2212 1240 2268 illa
1253 2214 1395 2284 procreati
1416 2218 1446 2271 et
1466 2216 1522 2271 suh
1546 2216 1621 2287 Lege
1637 2217 1734 2289 positi,
1752 2216 1829 2275 rnale

125 2309 172 2371 ter,
185 2308 213 2361 et
228 2320 306 2360 saror
317 2308 356 2359 ert
369 2304 420 2374 (ld.
436 2320 487 2370 xrr,
505 2304 765 2375 118·50):tannam
779 2301 948 2367 diceretlte
1002 2298 1191 2373 intelligendo
1216 2303 1344 2374 quodam
1361 2303 1446 2359 modo
1471 2304 1829 2378 inebriant¹,eaquenon
1926 2318 1930 2325 '

125 2397 176 2450 Deo
191 2398 274 2467 patre
288 2392 365 2448 hanc
380 2392 581 2466 cognationem
594 2390 720 2463 appello,
732 2408 790 2447 nou
805 2390 841 2446 de
855 2391 947 2463 Syna·
1000 2385 1132 2460 legitime
1155 2390 1263 2446 utendo
1289 2390 1472 2447 inlidclitatis
1497 2409 1585 2464 opera
1609 2393 1736 2466 pariunt.
1752 2395 1830 2453 Boua

125 2498 194 2555 gaga
208 2486 314 2537 matre.
330 2482 372 2537 Ad
387 2487 526 2537 aternam
542 2480 650 2553 quippe
664 2481 755 2535 uitam
772 2496 850 2537 nunu
865 2495 945 2549 uoco,
1000 2480 1040 2533 ert
1055 2476 1134 2533 enim
1149 2478 1215 2549 Lea,
1231 2479 1273 2535 ait
1285 2478 1454 2552 apostolus,
1469 2482 1496 2537 u'
1508 2483 1571 2553 quir
1585 2498 1618 2538 aa
1632 2483 1753 2555 lepttr‘me
1764 2486 1827 2542 ula·

127 2572 171 2627 ubi
183 2569 394 2626 immortaliter
406 2574 493 2626 uatus
508 2586 597 2635 sum;
618 2585 675 2624 non
692 2569 727 2625 ad
744 2569 946 2641 temporalem,
1001 2572 1048 2622 tur
1060 2566 1084 2638 (l
1103 2568 1170 2623 Tim.
1186 2585 1206 2638 1,
1220 2568 1260 2641 8).

128 2661 199 2716 ande
211 2663 245 2715 ut
259 2676 392 2716 vocarem
409 2658 540 2715 mortalis
553 2658 672 2717 effeetus
684 2675 761 2715 eum.
1038 2654 1154 2714 CAPUT
1169 2656 1252 2713 XLll.
1267 2687 1301 2697 -
1315 2657 1374 2715 Noc
1388 2658 1452 2715 ideo
1473 2663 1572 2716 tamen
1588 2660 1642 2717 hoc
1657 2661 1768 2718 iactum
1782 2661 1827 2720 rel

158 2748 273 2805 CAPUT
288 2749 344 2805 XL.
356 2780 392 2789 -
402 2749 483 2814 Quod
495 2764 564 2820 ergo
577 2746 714 2811 Ecclesia,
726 2748 812 2819 cujus
828 2762 900 2803 uxor
910 2746 949 2801 sit
1001 2744 1096 2816 ipsius
1112 2745 1182 2802 Loth
1198 2745 1244 2801 rel
1259 2747 1323 2817 ejus
1338 2746 1465 2804 filiarum
1478 2750 1689 2820 justificamus,
1705 2750 1775 2824 quia
1785 2752 1828 2809 si·

130 2836 288 2895 occultatur
302 2836 486 2909 alienigenis,
499 2838 584 2907 cujus
600 2841 697 2892 autem
710 2852 793 2892 soror
804 2852 861 2891 non
872 2840 948 2891 tuce·
1002 2834 1152 2905 gnificavit
1162 2833 1272 2906 aliquid
1283 2837 1360 2907 quod
1372 2836 1501 2893 futuram
1510 2840 1703 2909 quorumdam
1712 2856 1826 2911 perver-

131 2932 181 2997 tar,
198 2928 259 2983 haec
274 2926 391 2982 interim
407 2943 496 2982 causa
510 2924 594 2981 facile
615 2924 751 2989 occurrit,
767 2926 837 2998 quia
852 2924 948 2981 occul·
1003 2922 1522 2994 sitalempronuntiaret.aliudanim
1534 2926 1629 2982 illeut
1639 2927 1829 2985 hoclacerent

132 3020 188 3072 turn
203 3020 234 3072 et
247 3014 370 3071 difficile
380 3016 416 3071 ad
427 3013 650 3087 intelligendum
665 3018 720 3079 est,
731 3014 878 3085 quomodo
888 3013 950 3069 ani·
1003 3010 1202 3078 intenderunt,
1218 3010 1297 3067 aliud
1320 3014 1395 3069 Deus
1417 3014 1469 3085 qui
1484 3013 1539 3069 hoo
1554 3014 1617 3070 lieri
1640 3014 1780 3087 permisit,
1797 3020 1831 3072 ut

133 3120 174 3160 nra
187 3103 321 3160 humana
333 3103 427 3159 Verbo
451 3102 502 3158 Dei
517 3102 680 3174 copuletur,
696 3102 756 3158 sive
780 3101 948 3172 misceatur,
1003 3100 1513 3172 etlamindesliquiddemonstraret,
1525 3102 1830 3176 manenterectojudi-

133 3194 185 3251 sira
198 3192 271 3267 quid
288 3192 393 3249 melius
403 3197 432 3249 et
446 3192 544 3264 aptius
555 3192 612 3248 dici
629 3195 733 3264 potest,
745 3207 812 3246 oum
824 3191 861 3247 sit
875 3190 949 3247 illud
1004 3189 1049 3245 cio
1059 3205 1114 3245 suo
1122 3206 1211 3262 super
1219 3195 1372 3261 peceatum
1382 3189 1536 3248 homiuum
1547 3196 1618 3248 tunc
1628 3194 1830 3265 praesentium,

133 3287 211 3350 Deus,
227 3282 284 3339 ista
307 3287 449 3338 creatura.
466 3281 633 3337 Secundum
648 3280 703 3336 hoc
728 3280 806 3336 euim
822 3296 950 3353 sponsus
1004 3282 1033 3334 et
1048 3277 1190 3351 vigilante
1205 3278 1388 3351 providentia
1398 3296 1451 3336 sua
1461 3296 1514 3353 pro
1529 3279 1743 3353 significatione
1758 3281 1833 3339 luta·

131 3376 155 3427 ct
166 3388 285 3445 sponsa,
301 3370 345 3427 vel
361 3372 407 3428 vir
428 3375 456 3427 et
473 3387 555 3435 uxor,
570 3370 705 3426 Christus
720 3373 749 3424 et
764 3368 891 3425 Ecclesia
906 3368 950 3425 di·
1004 3367 1242 3424 rorurn.Proinde
1253 3367 1325 3425 illud
1334 3368 1443 3426 lactum
1456 3384 1524 3425 cum
1536 3370 1674 3426 insaneta
1682 3370 1833 3444 Scriptura

130 3466 239 3517 cuntur.
257 3462 322 3526 Qua
342 3476 409 3515 uero
424 3458 600 3531 cogitatione
615 3458 675 3513 siut
698 3458 802 3514 iratres
817 3457 951 3515 Christus
1004 3459 1152 3525 narretur,
1168 3456 1322 3528 prophetia
1336 3462 1403 3513 ost:
1423 3474 1489 3513 curn
1513 3474 1580 3515 vero
1596 3459 1626 3514 in
1642 3458 1758 3515 illorum
1773 3460 1833 3516 vita

129 3554 154 3604 et
166 3565 270 3605 omnes
284 3550 391 3616 sancti,
401 3547 495 3619 gratia
510 3546 617 3616 divina,
627 3562 685 3600 non
697 3544 951 3617 consanguinitate
1005 3545 1056 3618 qui
1072 3546 1127 3602 hoc
1142 3546 1355 3602 commiserunt
1369 3546 1583 3616 consideratur,
1599 3549 1744 3621 flagitium
1757 3552 1812 3605 ost.

128 3642 247 3705 terrena,
264 3637 320 3693 hoc
335 3641 390 3701 est,
406 3636 442 3691 do
458 3640 550 3706 patre,
566 3651 625 3690 uon
641 3633 677 3689 de
692 3638 798 3705 matre,
813 3638 841 3689 et
855 3632 952 3690 ellubi-
1041 3634 1159 3693 CAPUT
1173 3635 1271 3690 XLlll.
1284 3635 1386 3691 -Nec
1398 3650 1501 3694 rursus
1515 3636 1832 3708 tautareprehensiouc

129 3726 182 3784 lius
196 3726 317 3795 dicitur,
331 3730 359 3782 et
385 3724 521 3797 capacius
537 3723 665 3779 auditur.
682 3722 756 3778 Nam
781 3728 811 3778 et
830 3723 907 3779 inter
920 3738 952 3779 ss
1006 3728 1094 3797 atque
1108 3724 1293 3780 accusatione
1317 3740 1363 3781 res
1378 3724 1467 3795 digna
1489 3728 1544 3795 eat,
1561 3730 1700 3796 quantam
1721 3726 1749 3779 in
1766 3741 1831 3781 eam

128 3832 227 3873 omnes
242 3815 335 3871 sancti
358 3830 410 3887 per
424 3813 558 3869 eamdem
583 3812 707 3884 gratiam
733 3812 838 3868 tratres
861 3815 950 3867 sunt:
1006 3811 1566 3887 Faustusinimicusetcacuaevomuit.
1579 3813 1831 3870 consuliturenim

129 3921 254 3979 sponsus
265 3908 363 3959 autem
374 3908 546 3959 catenarum
563 3902 693 3958 societati
705 3902 713 3935 ¹
726 3902 826 3957 nullus
835 3900 952 3957 illorum
1006 3900 1360 3958 eternalesillaordincm
1372 3900 1832 3973 naturalemconserverijubena,

128 4000 180 4050 est.
188 3993 314 4050 Proinde
320 3991 479 4062 Christum,
492 3991 627 4063 quamuis
638 3989 954 4061 excellentissimasjus·
1007 3989 1171 4064 perturbari
1182 3995 1294 4055 vetans,
1305 3995 1334 4045 et
1350 4007 1406 4047 non
1418 3990 1458 4045 ita
1472 3991 1508 4047 de
1518 3990 1572 4048 hcc
1584 3990 1657 4047 lacto
1665 3991 1788 4061 judicat,
1800 4006 1834 4047 ae

127 4084 196 4139 titia
207 4088 296 4153 atque
307 4079 725 4154 sapientis,tamcnhominam
733 4078 827 4135 multo
838 4078 954 4134 lucilius
1008 4079 1033 4135 si
1044 4078 1093 4135 ille
1103 4079 1133 4134 in
1146 4078 1222 4135 filiae
1234 4078 1345 4134 nelarie
1356 4078 1478 4136 libidine
1488 4080 1673 4146 exarserit,ut
1683 4096 1784 4137 aarum
1793 4079 1836 4135 in·

127 4178 156 4229 ct
175 4172 333 4245 proclivius
355 4171 524 4243 alienigene
539 4170 735 4235 crediderunt,
757 4185 813 4224 uon
835 4168 954 4240 quidem
1008 4168 1837 4239 costatocorporelrueretur,auteashahcretuxorestaed

128 4260 213 4327 lalso,
228 4262 308 4333 quod
325 4261 413 4317 homo
426 4263 505 4315 esset
521 4275 528 4312 z
546 4260 596 4314 sed
613 4259 759 4329 quomodo
773 4257 862 4314 etiam
877 4257 955 4314 Deus
1009 4271 1063 4312 neo
1077 4257 1113 4312 ds
1128 4254 1187 4311 illis
1199 4255 1324 4327 lerninis,
1336 4272 1370 4312 ao
1385 4256 1409 4311 si
1424 4256 1454 4311 in
1466 4256 1512 4312 sui
1523 4256 1614 4329 patris
1625 4272 1742 4313 carnem
1754 4272 1836 4314 exse·

128 4356 204 4408 esset
222 4351 440 4424 ignoraverunt.
458 4348 530 4403 Hinc
541 4352 570 4403 at
583 4346 724 4403 ieremias
740 4362 747 4402 :
762 4351 796 4403 lit
810 4347 899 4413 toruo,
911 4346 956 4401 in·
1010 4344 1112 4402 crahili
1123 4359 1222 4400 amore
1232 4344 1417 4417 flagrassent.
1429 4345 1511 4402 Ratio
1526 4346 1633 4418 quippo
1643 4346 1767 4417 justitia
1778 4362 1837 4402 nou

127 4440 200 4513 quit,
217 4444 267 4507 eat,
282 4447 319 4507 et,
336 4440 383 4511 qui
407 4442 533 4510 epacaret
555 4454 621 4492 eum
642 4437 753 4509 (terem.
767 4453 836 4504 xvh,
852 4436 903 4505 9)?
924 4436 957 4491 tr
1009 4438 1124 4490 tantum
1140 4432 1211 4504 quid
1227 4434 1335 4488 lactum
1347 4432 1395 4500 sit,
1407 4449 1508 4490 verum
1524 4436 1611 4490 etiam
1622 4450 1712 4506 quara
1723 4434 1835 4491 sactum

129 4528 208 4585 heure
223 4535 282 4589 est:
299 4532 369 4599 quia
379 4526 513 4600 proditur
523 4527 601 4598 quod
618 4526 706 4581 irater
720 4530 774 4582 est.
785 4526 818 4581 Et
830 4528 891 4598 quis
905 4541 957 4593 aq·
1010 4524 1049 4579 sit
1060 4523 1200 4589 intuetur,
1212 4527 1246 4578 ut
1255 4538 1290 4578 ex
1300 4522 1397 4579 causis
1409 4522 1471 4578 auis
1486 4521 1562 4578 lacta
1577 4522 1733 4595 pandentia
1743 4522 1838 4580 libra·

129 4622 220 4675 noaret
228 4619 315 4674 eum?
329 4615 399 4688 quia
414 4614 578 4671 occultatur
588 4615 666 4687 quod
682 4630 811 4685 sponsus
825 4617 879 4668 est.
891 4612 958 4668 Haec
1011 4616 1109 4669 mento
1119 4609 1500 4683 aquiausemninuuum
1509 4610 1601 4679 igitur
1610 4610 1666 4668 ille
1677 4612 1838 4669 adconser·

129 4707 167 4762 da
181 4711 263 4780 patre
277 4704 425 4761 Abraham
451 4706 606 4761 adversum
627 4702 914 4775 impudentissimam
930 4704 958 4757 et
1011 4700 1156 4757 rationem
1168 4699 1283 4772 generis
1295 4697 1406 4771 prolem
1421 4704 1595 4771 quererent,
1606 4700 1655 4773 qui
1669 4700 1792 4773 utique²
1808 4700 1839 4757 tn

131 4794 383 4867 imperitissimam
394 4797 423 4850 et
434 4792 733 4850 calumniosissimam
746 4790 844 4847 Fausti
859 4806 957 4847 uocem
1011 4790 1055 4846 eis
1065 4790 1213 4845 humanus
1224 4792 1286 4843 erat
1295 4792 1325 4843 et
1335 4787 1479 4844 naturalis
1490 4788 1621 4860 allectus,
1633 4806 1687 4846 nec
1698 4806 1730 4847 se
1740 4789 1840 4847 erede·

131 4884 205 4940 satir
217 4884 297 4939 dicta
312 4883 381 4938 sint.
1014 4883 1080 4935 rent
1093 4876 1224 4933 inveniro
1234 4892 1319 4948 posse
1329 4876 1402 4933 ulios
1415 4876 1502 4949 viros,
1514 4877 1593 4934 velut
1602 4884 1703 4935 exusto
1714 4878 1764 4935 illa
1775 4895 1842 4935 con·

168 4972 283 5029 CAPUT
297 4972 368 5027 XLl.
384 5002 419 5014 -
435 4971 507 5028 Loth
524 4976 621 5027 autem
639 4970 729 5026 frater
742 4970 806 5040 ejus
816 4969 919 5040 justus
932 4970 961 5023 et
1013 4966 1185 5040 flagratione
1199 4967 1269 5021 orbe
1293 4969 1451 5034 terrarum,
1466 4967 1653 5039 nequeenim
1675 4967 1841 5024 discernere

132 5062 288 5134 hospitalis
298 5060 481 5129 inSodomia,
492 5061 562 5117 eleb
572 5060 652 5116 omni
663 5058 879 5116 Sodomitarum
890 5072 959 5114 con·
1013 5059 1147 5131 poterant
1158 5071 1312 5127 quousque
1322 5055 1399 5128 ignis
1410 5055 1459 5111 ille
1469 5055 1603 5127 saevierit,
1615 5057 1737 5113 miscere
1748 5073 1779 5113 se
1789 5072 1841 5130 pe-

133 5150 327 5207 taminatione
352 5166 445 5222 purus
460 5154 548 5221 atque
573 5149 697 5220 integer,
714 5164 749 5204 ex
760 5146 811 5202 illo
827 5147 960 5203 incendio
1014 5146 1053 5201 tri
1062 5144 1228 5201 voluerunt.
1238 5148 1339 5200 Potius
1349 5145 1470 5215 quidem
1481 5136 1631 5215 nunquam
1642 5161 1707 5201 esse
1718 5148 1838 5215 matres,

134 5240 290 5311 quoderat
315 5238 479 5295 similitudo
504 5236 595 5293 luturi
607 5236 726 5308 judicii,
742 5238 847 5292 meruit
862 5233 961 5291 salrus
1015 5249 1106 5305 quam
1116 5232 1159 5289 sic
1169 5234 1211 5287 uti
1222 5238 1305 5303 patre
1315 5232 1702 5290 debueruntzverumtamen
1715 5231 1842 5289 multum

132 5329 272 5397 eredere3
289 5332 394 5401 typum
416 5336 536 5399 gestans
560 5325 689 5397 corporis
704 5324 822 5397 Christi,
838 5325 915 5396 quod
930 5324 961 5380 in
1015 5322 1149 5392 interest,
1160 5322 1238 5394 quod
1251 5339 1285 5378 ea
1295 5338 1384 5377 causa
1394 5339 1453 5377 usca
1464 5327 1542 5390 sunt,
1554 5338 1640 5393 quam
1652 5321 1678 5377 si
1689 5318 1842 5395 concupis·

132 5418 271 5474 omnihus
286 5417 398 5472 sanctie
408 5420 438 5472 et
453 5432 532 5472 nunc
542 5415 619 5471 inter
629 5415 746 5487 iniquos
758 5419 846 5487 atque
857 5412 963 5485 impios
1017 5410 1112 5467 centia
1127 5415 1187 5466 tam
1202 5410 1324 5466 funeste
1339 5410 1496 5482 uoluptatis
1511 5414 1671 5467 uterentur.

133 5507 231 5579 gemit,
246 5521 375 5579 quorum
402 5504 487 5562 lactis
510 5522 569 5561 non
584 5504 740 5571 consentit,
755 5507 784 5559 et
806 5520 822 5558 a
837 5518 963 5576 quorum
1052 5499 1168 5557 CAPUT
1183 5499 1281 5555 XLlV.
1292 5530 1326 5540 -
1336 5499 1381 5554 nh
1396 5498 1445 5555 illo
1461 5502 1558 5555 autera
1574 5515 1660 5571 opere
1674 5498 1715 5556 ita
1730 5504 1845 5572 patrem

134 5595 341 5652 commixtione
349 5593 552 5651 insaculiltne
560 5590 806 5657 liberabitur,illis
816 5591 965 5649 damnatis
1018 5589 1175 5647 abhorrere
1190 5588 1366 5661 sentiebant,
1382 5592 1414 5643 ut
1428 5587 1458 5643 id
1474 5602 1505 5643 se
1519 5586 1693 5660 impleturas
1707 5604 1846 5647 essenon

165 5767 176 5802 ¹
189 5764 271 5830 Editi,
286 5767 438 5817 craterarum
450 5765 578 5816 societate.
604 5764 728 5815 Erratum
743 5762 919 5815 emendamus
932 5776 966 5815 ex
1051 5761 1060 5796 ¹
1075 5757 1152 5822 Apud
1168 5757 1213 5831 Er.
1228 5756 1313 5829 Lugd.
1328 5756 1404 5819 Vsu,
1418 5754 1584 5810 inebriantes.
1598 5760 1635 5810 n.

134 5826 198 5881 lra-
1050 5822 1149 5882 ²Lon,
1163 5834 1225 5886 quaa
1238 5823 1339 5885 utrque.

295 5946 428 6012 Psaros.
450 5947 542 6010 xLll.
1648 5941 1686 6001 lt
