3908 6128
153 284 233 347 rona

74 470 77 477 .
149 421 256 489 potast,
265 434 321 474 non
333 417 427 492 parire
437 417 524 475 istam
533 418 707 485 trinitatem,
718 418 806 476 etiam
820 434 887 475 oum
903 418 975 475 fides

33 492 37 501 ¹
148 506 213 578 ipsa
221 507 383 563 transierit:
396 507 465 580 quia
476 508 551 564 sieut
564 524 641 563 nunc
652 524 714 563 eam
735 511 763 563 et
780 506 922 564 memoria
932 509 974 562 te·

148 610 264 662 nemus,
277 598 305 650 et
314 595 488 668 cogitatione
507 596 665 665 cernimus,
676 601 705 652 et
715 594 863 652 vuluntate
878 592 974 667 diligi·

53 738 56 743 ,
147 694 225 750 mum
239 681 280 738 ita
290 683 378 738 etiam
389 688 459 739 tuuc
469 699 537 740 eam
546 699 609 739 earn
620 700 673 738 nos
684 683 822 739 habuisse
833 682 975 738 memoria

146 770 324 842 tenebimus,
340 777 368 827 et
379 771 551 840 recolemus,
562 771 651 828 etbac
661 776 819 844 utrumque
828 771 913 827 tertia
927 786 974 827 vo-

9 828 16 935 ,ι
25 866 36 899 “-
147 857 261 915 luntate
271 861 442 932 jungemus,
454 862 555 917 eadem
566 860 682 917 trinitas
694 860 885 933 permanebit.
898 861 973 925 Qua·

100 950 103 955 “
148 949 229 1005 aiem
244 949 269 1004 ai
285 948 399 1006 nullum
413 951 443 1006 ia
456 950 541 1007 nobis
552 950 637 1022 quasi
650 950 806 1022 vestigium
825 949 972 1006 transiens

147 1036 308 1109 reliquerit,
320 1038 448 1111 prolecto
459 1055 512 1095 nec
520 1039 551 1094 iu
562 1038 704 1096 memoria
714 1043 814 1095 nostra
835 1037 900 1109 ejus
917 1037 971 1094 ali·

146 1125 217 1198 quid
234 1126 407 1184 babebimus
428 1143 486 1199 quo
513 1144 700 1185 recurramus
714 1143 777 1184 eam
793 1127 970 1200 praeteritam

9 1266 23 1289 ,ᾗ
144 1215 341 1288 recordantes,
348 1221 436 1290 atqua
445 1217 474 1272 id
482 1222 642 1289 utrumque
655 1217 817 1274 intentione
825 1217 909 1273 tertia
921 1233 968 1273 co-

9 1294 36 1385 ξ’·
143 1301 290 1375 palantes,
302 1309 331 1361 at
341 1306 419 1379 quod
432 1311 494 1362 erat
504 1305 616 1362 scilicet
625 1304 654 1360 in
670 1305 823 1374 memoria,
833 1322 891 1362 aon
900 1305 970 1363 inde

9 1406 25 1463 ᾗ,
143 1391 339 1465 cogitantibus
347 1394 442 1466 nobis,
453 1401 482 1451 et
499 1394 576 1467 quad
588 1395 656 1451 inde
670 1393 844 1468 cogitatione
860 1394 967 1452 lorma·

9 1476 41 1561 ss‘f
142 1484 202 1537 tur.
217 1481 273 1538 Sed
298 1484 349 1555 qui
365 1483 419 1540 hoc
435 1483 517 1555 dicit,
532 1500 588 1540 noo
611 1483 752 1540 disceruit
775 1482 863 1540 aliam
888 1500 967 1540 nuuc

20 1576 27 1585 '
141 1587 207 1629 essa
219 1573 391 1642 trinitatem,
403 1574 521 1645 quando
533 1578 704 1647 presentem
721 1574 808 1630 fldem
819 1579 965 1645 tenemus,

140 1660 286 1730 videmus,
302 1678 437 1718 amamus
451 1662 481 1717 in
504 1663 602 1731 nobis;
625 1662 714 1718 aliam
736 1668 807 1718 tanc
826 1664 965 1734 laturam,

142 1751 260 1822 quando
277 1766 334 1806 non
350 1752 455 1823 ipsam,
463 1751 511 1807 scd
521 1751 586 1822 ejus
599 1750 892 1823 velutimaginarium
903 1768 966 1808 ves·

140 1838 246 1911 tigium
258 1838 287 1894 in
305 1839 445 1896 memoria
459 1840 653 1906 reconditum,
678 1841 878 1899 recordatione
899 1857 965 1898 con·

86 1914 92 1939 ⁸
140 1927 301 1998 tuebimur,
317 1933 345 1984 et
359 1929 417 1985 duo
430 1928 501 1998 brac,
517 1929 546 1984 id
562 1933 618 1995 est,
634 1930 711 2002 quod
728 1933 790 1986 erat
810 1931 841 1986 in
857 1946 966 1988 memo·

24 2014 27 2021 '
139 2015 182 2074 ria
197 2018 361 2086 retineatis,
377 2023 406 2074 at
420 2019 499 2090 quod
514 2017 582 2074 inde
598 2019 780 2092 imprimitur
793 2021 823 2075 in
839 2020 901 2076 acic
917 2036 964 2078 re·

137 2106 296 2178 cordantis,
311 2106 397 2162 tertia
410 2107 560 2164 voluntate
570 2108 742 2181 jungemus.
754 2108 834 2174 Quod
846 2113 879 2164 ut
894 2125 964 2183 pos·

9 2186 25 2259 z?
134 2194 174 2251 sit
187 2194 322 2269 intelligi,
339 2212 495 2253 sumamus
514 2197 682 2269 exemplum
702 2199 738 2254 de
762 2199 963 2270 corporalibus

9 2286 31 2361 J·
134 2283 234 2356 rebus,
250 2284 408 2357 dequibus
423 2285 454 2340 in
469 2283 543 2342 libro
560 2286 714 2343 undecimo
730 2286 803 2343 satis
817 2287 905 2344 locati
915 2304 963 2344 su·

9 2358 21 2427 <²
32 2374 39 2407 ἲ
96 2412 100 2421 .
133 2388 202 2429 mus
215 2371 294 2446 (dap.
309 2374 365 2430 2et
377 2377 473 2448 seqq).
485 2375 594 2447 Nempe
609 2376 646 2431 ab
661 2375 850 2433 interioribus
864 2380 900 2434 ad
916 2394 961 2435 eu·

9 2460 30 2525 ·“,·
133 2462 248 2532 periura
263 2463 464 2532 ascendentes,
480 2463 524 2519 vel
537 2464 963 2524 abcxterioribusadinteriora

56 2572 65 2593 ·
133 2549 343 2624 ingredientes,
354 2551 482 2624 primam
504 2553 669 2626 reperimus
680 2553 840 2611 trinitatem
852 2556 881 2611 in
897 2573 962 2615 cor-

9 2644 14 2691 .'
134 2655 204 2712 pore
219 2639 297 2712 quod
307 2640 432 2710 videtur,
445 2643 473 2697 et
487 2641 549 2697 acie
562 2641 688 2699 videntia
701 2659 764 2715 qne
785 2660 851 2700 cum
872 2646 960 2720 videt,

17 2720 23 2796 ζ
134 2728 204 2785 inda
220 2730 371 2797 formatur,
387 2732 417 2786 et
431 2729 461 2785 in
476 2729 635 2787 voluntatis
657 2729 819 2789 intentione
835 2750 899 2806 que
915 2738 961 2791 ut·

11 2814 17 2833 “·
53 2820 56 2827 “
135 2832 258 2887 rumque
286 2818 449 2891 conjungit.
472 2819 546 2874 Huic
560 2818 685 2876 trinitati
705 2819 832 2877 similem
852 2823 960 2879 consti·

11 2902 22 2943 ν’
134 2909 267 2974 tuamus,
282 2923 349 2962 aum
366 2907 439 2963 tides
453 2924 518 2980 que
534 2924 611 2964 nuno
626 2907 806 2978 iuestnobis,
819 2914 960 2984 tanquam

17 3004 32 3069 J
134 3009 242 3066 eorpus
257 2993 330 3051 illud
347 2996 375 3050 in
393 2996 466 3065 loco,
484 2996 525 3052 ita
538 2997 568 3051 in
585 3000 685 3053 nostra
700 2998 841 3055 memorie
856 3001 961 3057 consti·

9 3094 54 3153 ,ᾖν
132 3086 197 3139 tuta
211 3088 267 3151 est,
280 3084 316 3139 de
336 3100 393 3155 quo
417 3084 593 3140 informatur
613 3086 749 3158 cogitatio
769 3090 959 3158 recordantis,

133 3170 254 3227 eleuter
264 3170 314 3228 illo
326 3187 445 3243 corpore
454 3172 530 3229 acies
541 3172 684 3229 intuentis
696 3191 703 3229 :
713 3175 822 3247 quibus
832 3178 959 3248 duobus,

133 3264 167 3316 ut
190 3259 308 3317 trinitas
327 3260 495 3334 impleatur,
511 3268 723 3319 annumeratur
749 3265 835 3322 tertia
857 3266 959 3324 volun·

20 3362 24 3373 ·
132 3354 257 3422 tas,quae
268 3350 355 3406 ssdem
367 3350 395 3405 in
408 3351 551 3407 memoria
559 3351 746 3408 constitutam
756 3358 784 3409 et
800 3356 959 3427 quamdam

11 3452 31 3517 ⁸·
76 3508 79 3513 ¹
135 3439 199 3512 ejus
215 3438 340 3513 effigiem
358 3439 388 3495 in
400 3440 532 3496 contuitu
553 3441 763 3499 recordationis
782 3441 959 3517 impressam

133 3529 280 3585 connectit
294 3534 323 3586 et
337 3528 489 3601 conjungit
494 3528 593 3595 ,sicut
608 3528 696 3585 inille
706 3533 960 3603 corporalistrini-

28 3646 31 3653 ·
134 3621 194 3677 tata
208 3617 339 3686 visionis,
352 3620 477 3674 sormam
487 3618 617 3690 corporis
628 3620 706 3690 quod
715 3620 839 3690 videtur,
851 3626 880 3678 et
889 3641 960 3681 con·

135 3707 339 3765 formationem
353 3724 416 3780 qua
427 3706 649 3762 fitincerusutis
662 3713 792 3780 aspectu,
805 3712 960 3786 conjungit

132 3797 258 3855 intentio
271 3795 596 3854 voluntatis.Faciamus
606 3812 674 3868 ergo
684 3799 868 3870 corpusillud
880 3803 958 3874 quod

9 3866 14 3943 J
30 3910 33 3915 ¹
132 3886 314 3953 cernebatur,
330 3885 463 3941 interisse
475 3883 694 3956 dilapsum,nsc
705 3887 768 3958 ejus
781 3891 958 3947 remansisse

130 3975 242 4048 aliquid
251 3974 348 4030 inulla
359 3973 555 4045 loco,adquod
564 3974 721 4030 videndum
734 3983 865 4033 recurrat
873 3997 955 4052 aspe-

128 4069 209 4121 otus:
219 4063 362 4136 numquid
375 4062 445 4135 quia
456 4062 552 4134 imago
568 4062 607 4118 rai
618 4063 777 4136 corporalis
783 4066 846 4137 jam
858 4073 955 4126 trans-

127 4158 197 4210 actas
211 4159 298 4227 atque
313 4154 462 4226 praeterito
484 4151 650 4208 remanetin
662 4154 813 4226 memoria,
830 4157 956 4214 undein-

14 4316 18 4323 .
126 4241 459 4300 larmeturrecordantis
480 4241 599 4296 obtutus
611 4244 630 4309 ¹,
652 4246 739 4312 atque
753 4243 781 4297 id
796 4249 954 4320 utrumque

125 4329 954 4403 tertiavoluntatejungatur,eademtrinitasesssdiccnda

124 4425 247 4505 astque
257 4423 349 4478 luerat
363 4420 480 4493 quando
489 4419 600 4490 species
610 4418 639 4472 in
650 4417 712 4475 loco
723 4420 809 4491 positi
821 4425 952 4496 corporis

9 4540 12 4545 ,
123 4509 293 4567 ridebatur?
302 4510 365 4565 Nou
382 4508 493 4581 utique,
506 4507 556 4564 aed
570 4523 691 4579 prorsus
702 4508 760 4564 alia
772 4525 779 4564 :
791 4527 859 4566 nam
880 4529 951 4584 pre-

9 4638 11 4643 ·
122 4598 251 4671 terquod
267 4598 386 4653 illuerat
395 4598 586 4665 extrinsecus,
596 4596 656 4652 baec
667 4597 860 4669 intrinsecus;
871 4600 950 4660 illam

50 4704 54 4711 ·
119 4688 250 4761 prolecto
269 4685 515 4755 faciebatspecies
531 4685 681 4757 praesentis
701 4689 848 4758 corporis;
864 4690 948 4762 banc,

118 4776 217 4850 imago
233 4774 381 4850 preteriti.
397 4774 444 4831 Sic
454 4778 483 4830 et
495 4775 524 4830 iu
537 4774 591 4829 bac
603 4790 644 4842 re,
660 4774 696 4831 ds
713 4792 772 4848 qua
790 4794 867 4834 nunc
890 4781 948 4855 agi·

119 4882 198 4933 mus,
219 4870 248 4922 et
269 4868 489 4939 propterquam
512 4862 679 4935 putavimus
705 4865 948 4926 adhibendumll-

117 4952 168 5011 lud
185 4954 363 5028 exemplum,
374 4953 517 5023 fidesque
536 4966 613 5005 nunc
625 4951 654 5005 iu
670 4952 768 5008 animo
781 4959 880 5012 nostro
891 4962 946 5028 ost,

9 5046 11 5051 '
115 5043 195 5100 velut
208 5043 282 5100 illud
302 5059 410 5116 corpus
422 5041 451 5095 in
469 5039 541 5110 loco,
559 5039 630 5095 dum
653 5044 776 5111 tenetur,
794 5045 944 5120 aspicitur,

117 5139 242 5205 amatur,
258 5131 418 5204 quamdam
434 5128 523 5186 elficit
538 5127 699 5184 trinitatem
714 5147 721 5185 ε
734 5132 784 5186 sed
805 5150 862 5188 non
881 5135 945 5208 ipsa

115 5221 179 5288 erit,
193 5222 311 5295 quando
324 5222 396 5278 fides
407 5220 466 5276 hacc
484 5218 516 5274 in
533 5217 644 5286 animo,
656 5222 732 5273 sicut
747 5236 854 5294 corpus
869 5223 943 5282 illud

114 5309 145 5366 ln
154 5308 218 5368 laco
228 5312 293 5383 jam
305 5328 363 5366 non
372 5309 437 5366 erit.
446 5310 512 5375 Qua
523 5323 590 5363 vero
602 5312 671 5363 tunc
682 5307 868 5380 erit,quando
877 5329 942 5371 eam

9 5376 11 5383 ¹
38 5460 43 5467 ,
114 5399 334 5457 recordabimur
345 5399 374 5454 in
386 5398 470 5454 nobis
479 5397 647 5467 luisse,non
658 5413 732 5468 cssc,
743 5398 801 5454 alia
813 5402 941 5472 prolecto

11 5516 16 5523 ·
114 5485 178 5542 erit.
190 5485 269 5543 llanc
280 5487 358 5544 enirn
370 5504 433 5562 qua
447 5503 525 5542 nunc
535 5489 589 5555 est,
601 5485 668 5541 lacit
678 5502 725 5542 res
738 5487 802 5560 ipsa
812 5506 941 5563 presens

30 5816 39 5825 -
132 5782 146 5825 ¹
156 5778 234 5847 aaa,
251 5778 393 5850 masuam
405 5779 519 5838 oblatas.

714 286 765 347 ba
786 284 1010 362 relaturae,
1035 286 1067 348 S.
1091 285 1302 350 accusarat

1779 282 1860 350 lato

1029 418 1115 476 iaciat
1126 421 1166 476 rai
1178 420 1330 492 preterita
1359 419 1530 493 imaginatio
1546 418 1576 476 in
1594 419 1776 477 recordantis
1793 435 1853 476 me·

1029 509 1123 564 moria
1140 510 1288 567 derelicta.

1063 597 1180 653 CAPUT
1190 598 1235 653 lV.
1249 631 1281 640 -
1291 600 1317 653 6.
1335 601 1366 656 ln
1378 599 1587 655 immortalitate
1595 601 1701 656 animae
1711 599 1858 655 rationalis

1027 685 1176 755 querenda
1191 687 1279 757 imago
1291 687 1348 742 liei.
1362 687 1480 742 Trinitas
1490 687 1519 742 in
1534 693 1624 742 mente
1638 685 1772 759 quamodo
1782 701 1856 742 moa·

1026 776 1165 830 stratasit.
1178 774 1236 830 Nec
1251 774 1302 830 illa
1310 774 1400 847 igitur
1412 774 1538 845 trinitas,
1555 791 1620 846 qua
1636 791 1714 830 nunc
1729 779 1854 845 nonest,

1026 860 1123 934 imago
1135 862 1183 919 Dei
1198 863 1271 932 orit;
1287 880 1340 920 neo
1365 863 1421 920 ista
1435 864 1533 936 imago
1555 863 1604 920 Dei
1626 867 1681 932 eat,
1703 880 1771 937 quae
1785 868 1854 920 tunc

1026 966 1084 1005 uon
1099 952 1154 1007 erit
1165 968 1171 1006 :
1184 952 1235 1008 sed
1255 969 1290 1008 aa
1305 951 1532 1009 estiuveuieuda
1544 952 1575 1008 in
1594 952 1695 1009 anima
1712 951 1854 1026 bominis,

1024 1038 1110 1095 idest
1126 1040 1272 1112 rationali,
1285 1040 1345 1097 sive
1364 1040 1565 1110 intellectuali,
1577 1041 1676 1114 imago
1694 1042 1853 1113 Creatoris,

1024 1143 1088 1199 qua
1103 1128 1310 1186 immortaliter
1323 1129 1536 1188 immortalitati
1546 1129 1768 1202 ejusestinsita.
1778 1134 1851 1188 Nam

1023 1216 1098 1273 sicut
1107 1219 1172 1290 ipsa
1184 1218 1389 1276 immortalitas
1397 1218 1502 1276 animat
1515 1219 1679 1275 secundum
1690 1219 1849 1291 quemdam

1023 1306 1143 1363 modum
1166 1307 1275 1364 dicitur
1293 1325 1300 1364 :
1320 1308 1408 1365 babet
1429 1307 1537 1381 quippe
1555 1312 1584 1364 et
1603 1307 1703 1365 anima
1726 1313 1847 1366 mortem

1022 1411 1118 1464 suam,
1130 1412 1195 1452 oram
1205 1397 1265 1452 vita
1275 1396 1358 1453 beata
1368 1400 1457 1464 caret,
1470 1413 1533 1468 quae
1541 1413 1610 1453 vera
1620 1397 1727 1454 animae
1738 1398 1798 1454 vita
1809 1399 1851 1454 di·

1021 1485 1115 1539 aenda
1124 1489 1179 1553 est;
1187 1486 1237 1541 sad
1245 1484 1421 1541 immortalis
1432 1485 1496 1542 ideo
1508 1487 1848 1561 nuncupatur,quouiam

1021 1570 1232 1645 qualicumque
1244 1574 1313 1645 vita,
1324 1575 1413 1630 etiam
1431 1591 1498 1631 cum
1520 1575 1687 1631 miserrima
1703 1580 1760 1643 est,
1773 1592 1847 1632 uun·

1020 1676 1107 1730 quam
1123 1661 1232 1717 desinit
1245 1663 1339 1718 vivere
1352 1662 1410 1718 :ita
1424 1662 1643 1735 quamvisratio
1659 1663 1703 1719 vel
1722 1663 1847 1722 intellec·

1019 1753 1068 1805 tas
1083 1765 1160 1805 nunc
1177 1750 1248 1807 inea
1265 1751 1304 1806 sit
1318 1750 1444 1822 sopitus,
1459 1767 1537 1808 nunc
1553 1768 1671 1824 parvus,
1689 1761 1844 1810 nunc'ma·

1019 1851 1096 1908 gnus
1112 1842 1260 1910 appareat,
1276 1854 1429 1910 uunquam
1451 1837 1508 1895 nisi
1523 1837 1675 1894 rationalis
1690 1845 1720 1895 et
1735 1839 1845 1896 intelle·

1019 1925 1179 1982 ctualiscst
1193 1928 1294 1983 animo
1305 1927 1450 1999 humana,
1463 1945 1495 1984 ac
1507 1927 1623 2000 perhoc
1638 1928 1662 1984 si
1682 1930 1843 1987 secundum

1018 2013 1210 2072 boclactaest
1224 2017 1260 2072 ad
1276 2016 1434 2090 imaginem
1450 2017 1500 2073 Dei
1518 2018 1594 2090 quod
1612 2018 1655 2072 uti
1674 2018 1787 2074 ratione
1804 2021 1844 2074 at-

1017 2121 1074 2176 que
1091 2103 1241 2161 intellectu
1257 2106 1292 2162 ad
1307 2104 1529 2179 intelligendum
1555 2109 1584 2162 et
1603 2105 1843 2180 conpisciendum

1017 2192 1109 2249 Deum
1126 2197 1231 2266 potest,
1243 2195 1369 2267 prolecto
1380 2195 1416 2251 ob
1427 2194 1510 2250 initio
1529 2211 1587 2268 quo
1604 2211 1669 2250 esse
1684 2196 1775 2268 caepit
1788 2194 1842 2252 ista

1017 2286 1076 2339 tarn
1086 2288 1233 2356 magnast
1249 2284 1322 2340 mira
1332 2289 1447 2352 natura,
1464 2284 1525 2340 sive
1536 2284 1577 2339 ita
1592 2283 1770 2341 obsoletasit
1784 2284 1841 2342 bac

1016 2371 1124 2445 imago,
1142 2377 1175 2428 ut
1189 2388 1262 2444 peno
1277 2371 1359 2428 nulla
1373 2373 1423 2445 sit,
1437 2373 1497 2430 sive
1511 2372 1637 2430 obscura
1650 2374 1841 2446 atquedelor·

1016 2461 1085 2529 mis,
1100 2459 1160 2517 siva
1177 2460 1256 2518 clara
1265 2466 1294 2518 et
1309 2462 1433 2534 pulchra
1443 2462 1491 2528 sit,
1508 2478 1626 2535 semper
1640 2468 1695 2519 est.
1712 2463 1841 2536 Denique

1015 2549 1229 2606 deformitatem
1240 2550 1395 2623 dignitatis
1410 2551 1474 2623 ejus
1490 2552 1635 2609 miserans
1649 2552 1749 2608 divina
1764 2552 1840 2609 Scri·

1015 2641 1112 2710 ptura,
1129 2639 1301 2712 Quanquam,
1312 2639 1417 2712 inquit,
1428 2642 1459 2695 in
1474 2640 1607 2709 imagine¹
1620 2641 1840 2710 ambulationis,

1016 2730 1107 2784 tamen
1121 2743 1190 2783 conc
1212 2730 1408 2785 conturbatur:
1430 2729 1616 2799 thesaurizat,
1641 2732 1667 2786 et
1689 2733 1776 2787 nescit
1798 2733 1843 2788 cat

1013 2816 1189 2888 congregabit
1200 2834 1232 2873 aa
1247 2817 1335 2889 (Psat.
1353 2835 1473 2888 xxxvnr,
1487 2820 1527 2888 7).
1543 2818 1606 2874 Non
1617 2819 1718 2890 itaque
1732 2821 1842 2876 vanita-

1014 2909 1073 2960 tem
1089 2905 1210 2978 imagini
1222 2905 1272 2961 Dei
1288 2907 1440 2971 tribueret,
1457 2906 1514 2963 uisi
1535 2907 1694 2963 deformem
1710 2913 1842 2964 cerneret

1015 2992 1132 3048 lectam.
1148 2993 1206 3050 Neo
1218 2998 1333 3050 tantum
1347 2993 1442 3051 valere
1464 2992 1544 3050 illam
1567 2996 1797 3067 deformitatem,
1812 3000 1843 3053 nt

1015 3082 1842 3156 auferatquodimagoestsatisostendit,dicendo,Quaa-

1014 3188 1098 3244 qaam
1112 3173 1143 3226 iu
1156 3173 1280 3244 imagine
1291 3172 1412 3229 ambulat
1426 3170 1515 3229 bomo.
1525 3172 1710 3244 Quapropter
1717 3189 1753 3229 ex
1761 3178 1842 3231 ntra-

1015 3275 1070 3333 que
1080 3265 1161 3332 parte
1171 3261 1310 3318 veraciter
1318 3261 1502 3333 pronuntiari
1514 3265 1609 3333 potest
1619 3261 1840 3332 istasenteatia,

1014 3354 1046 3405 ui
1055 3350 1304 3421 quemadmodum
1314 3349 1426 3405 dictum
1437 3355 1490 3419 est,
1499 3348 1663 3421 Quanquam
1676 3355 1704 3405 in
1716 3352 1840 3423 imagine

1014 3439 1137 3495 ambalat
1152 3437 1240 3508 lromc,
1252 3442 1347 3495 tamen
1361 3454 1430 3495 uana
1444 3440 1643 3502 conturbatur:
1658 3439 1700 3496 ita
1714 3440 1839 3513 dicatur,

1015 3530 1185 3600 Quanquam
1201 3544 1274 3585 vane
1284 3529 1474 3584 conturbatur
1489 3527 1590 3595 homo,
1603 3531 1702 3584 tamen
1718 3529 1750 3586 in
1766 3531 1839 3586 ima·

1014 3618 1081 3689 gine
1094 3616 1237 3674 ambulat.
1253 3616 1423 3688 Quanquam
1443 3616 1522 3673 enirn
1545 3633 1652 3689 magua
1673 3620 1782 3675 natura
1804 3619 1841 3675 cit

1013 3711 1110 3762 tamen
1121 3706 1216 3762 vitiari
1232 3706 1336 3779 potuit,
1346 3705 1540 3776 quiasumma
1556 3710 1682 3764 nonest:
1696 3710 1726 3764 et
1747 3723 1840 3780 quan·

1013 3795 1839 3869 quamvitiaripotueritquiasummanonest,tameuquia

1013 3904 1135 3943 summre
1147 3892 1256 3943 naturas
1271 3890 1431 3959 caperest,
1446 3891 1475 3942 et
1490 3902 1554 3943 esse
1568 3887 1716 3959 particeps
1734 3893 1837 3965 potest,

1012 3995 1120 4051 magna
1134 3982 1306 4034 naturaest.
1328 3977 1498 4043 Quaeramus
1521 3977 1612 4051 igitur
1630 3976 1660 4032 in
1683 3977 1740 4034 hac
1767 3979 1836 4035 ima·

1011 4068 1077 4140 gine
1097 4067 1147 4124 Dei
1164 4067 1322 4140 quamdam
1346 4066 1392 4121 sui
1415 4065 1534 4139 generis
1559 4065 1735 4137 trinitatem,
1758 4068 1836 4139 adju·

1009 4161 1095 4213 vante
1119 4158 1183 4229 ipso
1204 4156 1322 4227 quinos
1340 4156 1406 4212 lecit
1421 4157 1456 4212 ad
1473 4154 1632 4229 imaginem
1658 4173 1757 4214 suam.
1774 4157 1833 4214 Non

1009 4245 1087 4302 enim
1101 4246 1185 4301 aliter
1200 4261 1359 4318 possumus
1373 4244 1433 4301 bec
1445 4243 1832 4318 salubriteriavastigarc,et

1009 4336 1166 4392 secundum
1190 4333 1427 4407 sapientemque
1451 4334 1488 4388 ab
1506 4332 1555 4389 illo
1566 4338 1611 4389 est
1627 4333 1741 4406 aliquid
1755 4336 1831 4391 inre·

1009 4425 1071 4479 nire
1083 4424 1191 4479 :sedec
1205 4438 1269 4494 quaa
1280 4422 1309 4477 in
1326 4420 1634 4495 superioribuslibris,
1655 4428 1684 4480 et
1706 4423 1829 4479 maxime

1008 4514 1036 4568 in
1048 4512 1171 4579 decimo,
1182 4513 1218 4567 de
1232 4511 1332 4567 anima
1342 4510 1472 4566 humana
1486 4509 1530 4565 vel
1546 4515 1643 4566 mente
1656 4511 1796 4579 diximus,
1806 4510 1829 4567 si

1006 4600 1122 4659 lectoris
1132 4598 1176 4656 vel
1192 4599 1333 4657 memoria
1343 4603 1498 4655 teneantur
1507 4604 1594 4671 atque
1606 4598 1781 4670 recolantur,
1788 4599 1828 4658 val

1006 4688 1195 4763 diligentiam
1204 4686 1315 4743 eisdem
1325 4684 1395 4742 locis
1407 4687 1436 4741 iu
1448 4685 1557 4757 quibus
1566 4686 1733 4759 conscripta
1751 4692 1827 4755 sant,

1005 4782 1222 4845 recenseantur,
1235 4792 1293 4831 nou
1303 4774 1351 4831 hia
1366 4774 1540 4830 desiderabit
1551 4773 1739 4848 prolixiorem
1748 4777 1828 4834 darei

1003 4871 1090 4924 tanta
1101 4865 1292 4937 inquisitione
1307 4880 1488 4920 sermonem.

1037 4957 1065 5012 7.
1079 4957 1266 5012 lntercaetera
1275 4952 1381 5026 ergoin
1392 4950 1827 5020 librodacimodixiraus,bomi·

1003 5045 1049 5101 nis
1060 5048 1187 5100 mentem
1203 5058 1288 5100 nosse
1303 5041 1490 5114 semetipsam
1508 5039 1588 5113 (dap.
1604 5040 1643 5112 7).
1656 5039 1736 5097 Nihil
1750 5044 1825 5097 enim

1001 5138 1062 5190 tam
1078 5132 1158 5189 novit
1173 5148 1268 5196 mens,
1279 5146 1365 5202 quam
1374 5129 1403 5186 id
1414 5128 1491 5200 quod
1503 5127 1560 5184 sibi
1571 5133 1677 5201 presto
1687 5132 1734 5184 est
1752 5145 1759 5184 τ
1776 5144 1826 5186 nec

1000 5223 1091 5279 menti
1108 5221 1202 5293 magis
1216 5219 1377 5292 quidquam
1395 5223 1498 5290 presto
1513 5221 1569 5286 est,
1584 5234 1674 5290 quam
1685 5218 1751 5291 ipsa
1760 5218 1826 5276 sibl.

999 5312 1035 5368 Et
1049 5309 1116 5378 alia,
1128 5313 1272 5382 quautam
1284 5307 1355 5363 satis
1371 5307 1466 5364 visum
1478 5311 1521 5363 est
1532 5306 1727 5364 adhibuimus
1737 5308 1826 5364 docu-

999 5404 1107 5465 menta,
1124 5398 1232 5471 quibus
1247 5395 1302 5452 hoc
1316 5396 1479 5453 certissime
1493 5395 1675 5467 probaretur.

1033 5486 1149 5543 CAPUT
1157 5486 1191 5541 V.
1207 5516 1240 5526 -
1256 5485 1412 5557 lotentiam
1434 5500 1510 5541 meru
1524 5501 1561 5539 aa
1573 5499 1602 5540 sc
1615 5485 1735 5542 nowit
1751 5483 1827 5551 Quid

9 5556 13 5567 ¹
112 5578 143 5634 et
165 5571 263 5631 animo
284 5575 429 5635 credentis
450 5576 556 5634 allisa:
574 5579 604 5632 at
617 5572 699 5635 illam
715 5581 858 5652 quetuao
872 5581 937 5658 erit,
995 5571 1828 5651 itaquedicendumestdeinlantiamantaitaadhucpar·

1028 5789 1038 5826 ¹
1052 5782 1130 5848 edita
1140 5781 1169 5837 in
1182 5780 1295 5849 imagine
1309 5780 1367 5837 bet.
1381 5780 1471 5850 Abest,
1485 5779 1542 5849 Dal,
1557 5792 1574 5836 a
1589 5778 1796 5851 maurillii&
