3908 6128
143 284 202 347 oei
797 280 932 343 51111Μο
953 277 1202 344 turinorum.
1793 282 1855 344 681

143 415 329 475 annuntiabit
340 415 416 471 votis
429 415 519 484 (loon.
534 428 591 483 xvv,
610 414 664 486 11).
1062 411 1107 466 31.
1123 410 1221 468 Alium
1237 427 1329 469 esses
1345 412 1427 480 Filio,
1438 416 1467 469 et
1480 417 1584 470 natura
1596 417 1625 469 et
1635 413 1747 480 ordine,
1760 416 1868 487 gradui

179 507 226 562 21).
236 504 325 562 Filius
336 522 352 560 a
362 521 394 561 se
405 521 462 560 non
483 509 578 577 potest
593 504 687 560 lacere
701 503 862 577 quidquam
877 502 928 575 (ld.
945 520 971 572 v,
1026 503 1055 555 et
1070 500 1185 565 affectu.
1208 500 1350 574 dignitate
1366 506 1393 557 et
1408 506 1559 574 potestate,
1575 502 1681 559 virtuts
1704 514 1732 559 et
1754 520 1855 575 opera·

144 596 202 669 19),
213 595 265 651 sed
275 593 306 649 in
315 592 557 650 omnihusPatris
567 597 717 663 exspectat
728 592 975 665 nutumSpiritus
1025 587 1118 644 tione:
1127 589 1203 645 sicut
1218 594 1246 646 et
1258 589 1349 649 vilius
1363 597 1506 649 naturast
1516 592 1628 663 ordine,
1644 594 1736 665 gradu
1748 594 1853 650 etatis·

144 701 163 742 s
179 701 211 741 sa
222 681 364 755 loquitur,
375 683 426 737 ssd
442 681 617 738 inomnihus
628 680 733 737 Christi
745 685 892 753 exspectat
903 697 975 753 pra·
1027 683 1086 745 otu,
1103 678 1203 735 divina
1218 679 1358 752 dignitate
1374 686 1403 737 et
1417 686 1569 754 potestate,
1586 682 1756 755 unigenitus
1776 682 1854 739 Deus

144 776 265 845 ceptum
278 787 285 825 :
297 770 536 842 Non,inquit,ase
545 770 733 842 loquatumed
742 785 976 842 quacumquaau·
1027 765 1104 823 alius
1118 772 1164 823 est
1178 770 1215 823 ah
1230 768 1372 841 ingenito.

144 862 234 919 diarii
248 861 385 934 loquetur,
400 863 552 917 etvantura
564 859 746 916 annuntiabit
768 859 843 916 uotis
853 859 904 932 (ld.
917 875 976 928 xvr,
1062 856 1107 913 32.
1124 856 1309 929 Impossibile
1323 874 1391 932 ergo
1407 864 1451 916 est
1464 875 1556 916 uuum
1568 860 1764 932 eumdemque
1788 877 1853 919 esus

147 951 206 1020 13),
1027 944 1184 1002 Patremet
1214 946 1333 1018 Filium,
1354 952 1542 1021 generantem
1558 952 1586 1005 et
1600 954 1780 1019 nascentem,
1805 950 1854 1008 oul

181 1040 229 1096 21.
246 1038 338 1096 Filius
354 1054 406 1111 pro
422 1038 508 1095 nohis
522 1037 688 1112 interpellat
699 1038 813 1097 Patrem
827 1056 834 1097 :
848 1037 976 1112 Spiritus
1026 1033 1230 1092 testimonium
1250 1035 1420 1108 perhibetur
1433 1041 1463 1093 st
1486 1053 1553 1095 eum
1576 1039 1627 1110 qui
1650 1039 1854 1097 testimonium

144 1144 200 1204 pro
214 1128 301 1185 nohis
315 1127 447 1201 postulat
461 1126 578 1185 Filium.
1026 1123 1170 1197 perhibet,
1183 1126 1325 1197 majoram
1338 1130 1367 1182 st
1381 1141 1448 1182 eum
1464 1125 1513 1198 qui
1529 1128 1671 1199 majoram
1686 1129 1855 1199 confitetur,

180 1218 228 1275 Q.
245 1217 345 1275 Totius
361 1216 502 1274 bonitatis
517 1223 547 1273 et
561 1216 976 1290 sapientiaetrirtutisPatris
1027 1228 1094 1270 aum
1110 1213 1161 1286 qui
1174 1215 1210 1271 sd
1225 1215 1374 1272 dexteram
1388 1216 1512 1272 sedetet
1527 1220 1587 1273 stat
1607 1220 1636 1273 et
1662 1233 1730 1274 aum
1745 1218 1796 1291 qui
1809 1233 1855 1276 aa·

143 1308 212 1365 viva
226 1311 255 1364 at
263 1305 505 1378 vera,proprieet
512 1307 659 1379 condigna
667 1306 765 1380 imago
775 1305 976 1364 astFilus:to·
1026 1301 1074 1359 dis
1088 1302 1167 1359 dedit
1182 1302 1333 1376 honorem,
1347 1321 1413 1361 sum
1428 1305 1478 1378 qui
1496 1302 1606 1362 missus
1620 1311 1666 1362 est
1679 1311 1708 1362 st
1720 1322 1789 1362 sum
1804 1304 1856 1380 qul

145 1396 210 1454 tius
223 1394 375 1468 snpientia
389 1398 419 1451 et
432 1395 549 1451 virtutis
565 1395 630 1453 Filii
646 1396 842 1453 manifestatio
856 1399 901 1453 eat
916 1395 978 1468 Spi·
1027 1391 1121 1459 mifliit
1139 1408 1191 1449 1¹⁰⁰
1215 1392 1393 1466 dississpulum
1408 1395 1610 1466 eid00i0re11¹‚
1627 1399 1660 1451 ul
1675 1395 1739 1469 ipse
1754 1393 1856 1452 docuit

144 1486 234 1543 risus.
1027 1479 1138 1552 dicens,
1153 1481 1230 1537 Siout
1243 1482 1335 1539 docuit
1350 1500 1395 1539 ine
1409 1487 1505 1553 Pater,
1521 1486 1562 1540 sio
1579 1483 1778 1557 loquor(ioan.
1789 1501 1854 1556 vsu,

179 1575 229 1630 23.
246 1573 309 1630 Non
324 1580 368 1631 ast
383 1590 450 1644 pars
465 1573 622 1647 neoportio
633 1573 727 1631 Patris
739 1573 840 1646 Filius,
851 1574 901 1630 sed
913 1590 977 1646 pro·
1026 1568 1227 1642 28):similem
1244 1576 1274 1628 at
1289 1572 1478 1642 imitatorem,
1495 1577 1525 1630 et
1543 1589 1611 1630 sum
1635 1575 1722 1646 cujus
1743 1578 1789 1631 est
1812 1574 1855 1631 si·

144 1663 231 1740 prins
242 1667 270 1720 et
285 1661 506 1729 dilectissimus,
518 1663 664 1733 periectas
678 1668 708 1720 ct
723 1661 827 1737 plenus
845 1662 977 1737 unigeni·
1027 1656 1109 1715 mllio
1121 1665 1150 1716 ot
1166 1661 1331 1729 imitator¹;
1360 1679 1427 1719 eum
1443 1663 1494 1735 qui
1515 1668 1589 1729 orat,
1606 1668 1635 1720 et
1653 1665 1703 1736 qui
1719 1664 1854 1732 exaudit;

143 1751 308 1811 tusliilius.
324 1750 440 1807 Nonsst
451 1768 520 1824 pars
534 1768 587 1808 noo
602 1753 695 1825 portio
712 1752 774 1807 Filii
786 1752 976 1825 Spiritus,sed
1027 1762 1096 1805 aum
1111 1749 1161 1822 qul
1177 1751 1306 1823 suscepit
1317 1752 1497 1820 mandatum,
1508 1756 1537 1807 st
1549 1768 1616 1809 eum
1626 1752 1763 1825 quidedit
1777 1768 1858 1810 man·

144 1841 278 1916 primum
293 1844 322 1897 et
336 1839 516 1913 precipuum
532 1857 606 1913 opus
622 1840 766 1915 unigeniti
788 1841 838 1898 Dai
853 1857 910 1914 pra
925 1856 977 1898 aa·
1005 1876 1008 1881 ·
1028 1836 1142 1906 datum,
1152 1842 1182 1895 et
1196 1839 1396 1896 ministratum
1412 1839 1855 1914 precipienti,supplicememi·

144 1930 218 1988 toris
234 1929 393 1986 univorsis.
1028 1927 1119 1995 nanti,
1131 1927 1281 1985 subditum
1299 1928 1454 2000 superiori,
1467 1929 1858 2005 primogenitumsompitar·

182 2019 229 2076 2t.
245 2017 330 2075 Pater
344 2018 439 2090 major
454 2020 500 2073 ast
512 2016 585 2074 Filio
600 2035 654 2075 suo
670 2035 677 2074 ε
692 2018 783 2075 Filius
798 2018 976 2092 incompara·
1028 2031 1076 2084 no,
1098 2016 1285 2090 unigenitum
1309 2017 1451 2092 ingenito,
1477 2018 1658 2076 sacerdotem
1679 2024 1737 2077 Deo
1760 2036 1854 2079 unum

143 2106 247 2165 bilitsr
261 2107 357 2179 major
370 2111 400 2162 et
413 2106 572 2163 meliorest
587 2107 708 2179 Spisitu.
1026 2108 1114 2177 atque
1128 2107 1346 2163 eumdemossa.

177 2198 226 2254 23.
243 2197 328 2254 Pater
342 2201 419 2252 Deus
434 2201 463 2251 et
478 2196 621 2251 Dominus
641 2198 686 2253 est
702 2194 772 2253 Filio
797 2213 851 2253 suo
865 2213 872 2253 :
886 2194 977 2254 Filius
1061 2193 1106 2251 33.
1122 2192 1180 2249 Sed
1193 2199 1223 2250 et
1236 2194 1314 2251 Deus
1328 2194 1392 2252 sine
1415 2193 1556 2268 principio
1580 2197 1721 2269 prescius
1740 2201 1801 2255 erat
1820 2214 1853 2256 aa

145 2290 226 2343 Deus
240 2290 271 2343 et
284 2285 428 2341 Dominus
444 2288 489 2341 est
503 2283 637 2356 Spiritui.
1026 2281 1169 2354 unigeniti
1186 2283 1235 2338 Dei
1251 2284 1333 2356 puori
1344 2284 1391 2340 sui
1403 2288 1515 2357 putrem
1525 2285 1657 2342 iuturnm
1674 2303 1681 2343 :
1697 2291 1788 2344 Deum
1798 2303 1852 2344 au·

181 2375 232 2430 26.
243 2374 329 2431 Pater
343 2373 535 2430 immobiliter
549 2377 578 2430 et
594 2371 813 2445 impassibiliter
824 2372 923 2430 volens
932 2372 977 2429 Fi·
1025 2372 1085 2427 tom
1096 2387 1128 2427 se
1143 2371 1275 2428 futurum
1287 2389 1440 2445 nunquam
1451 2374 1606 2446 prescivit,
1619 2376 1689 2448 quis
1699 2375 1850 2449 ingenitus

145 2464 223 2522 lium
237 2463 360 2536 gennit:
376 2462 468 2519 Filius
478 2462 542 2519 sina
561 2463 661 2519 labore
675 2465 704 2518 st
728 2462 897 2536 inrigatione
913 2460 976 2520 sols
1027 2463 1081 2528 ost,
1096 2465 1125 2516 et
1140 2477 1290 2533 nunquam
1304 2463 1392 2535 coepit
1404 2479 1456 2519 nea
1470 2464 1598 2535 praecire,
1610 2481 1662 2521 nac
1677 2467 1761 2521 scira.
1777 2465 1852 2531 Quid

144 2552 257 2610 virtute
270 2568 326 2608 sua
340 2550 483 2624 Spiritum
499 2551 575 2608 lecit.
1022 2552 1069 2605 eat
1079 2554 1179 2605 autem
1192 2552 1445 2622 prescientiamisi
1463 2553 1629 2609 futurorum
1644 2553 1783 2610 scentia?
1799 2554 1852 2611 Pa·

181 2642 229 2697 27.
247 2640 338 2697 Filius
349 2644 381 2695 ut
395 2641 532 2696 sacerdos
548 2640 650 2696 adorat
674 2640 766 2697 Deum
783 2656 882 2710 suum,
894 2645 924 2696 et
939 2640 975 2697 ab
1025 2641 1070 2694 tar
1084 2643 1182 2694 autem
1193 2641 1362 2712 generando
1378 2641 1484 2709 ilium,
1499 2642 1535 2698 ab
1550 2641 1615 2714 ipso
1628 2643 1698 2699 Filio
1722 2647 1767 2698 ast
1782 2660 1855 2699 nun·

147 2730 286 2789 omnihus
301 2730 439 2786 adoratur
449 2733 481 2784 ut
495 2728 572 2785 Deus
588 2733 616 2784 et
635 2733 748 2785 creator
761 2729 895 2787 omnium
905 2746 912 2786 ε
922 2728 974 2785 Pa·
1026 2732 1166 2799 oupatus;
1183 2733 1212 2784 et
1225 2728 1289 2800 ipso
1305 2729 1462 2798 revelante,
1479 2731 1514 2786 ah
1526 2732 1664 2788 omnibus
1679 2731 1853 2790 christianin

148 2825 192 2878 ter
203 2835 273 2878 raro
287 2818 369 2876 solus
385 2817 500 2874 nullum
516 2819 628 2881 adorat,
650 2819 720 2890 quia
744 2835 797 2874 nec
822 2819 975 2890 majorem,
1027 2814 1103 2871 Deus
1120 2820 1150 2871 at
1164 2819 1249 2871 Pater
1265 2817 1407 2888 unigeniti
1426 2816 1474 2872 Dei
1489 2821 1534 2873 est
1548 2818 1694 2891 cognitus,
1708 2822 1737 2874 at
1748 2834 1854 2892 magno

148 2926 200 2967 neo
214 2907 359 2982 equalem
370 2907 459 2963 hahet
469 2924 557 2978 quem
569 2908 671 2963 adoret
683 2923 689 2963 :
701 2906 773 2962 nulli
785 2909 894 2980 gratias
904 2907 974 2981 agit,
1026 2905 1121 2975 major
1134 2908 1163 2959 et
1178 2904 1253 2960 hono
1269 2905 1372 2960 molior
1385 2909 1430 2961 est
1445 2906 1663 2963 manifestatus.

147 2996 341 3073 quianullius
370 2995 543 3052 heneficium
559 3001 735 3053 consecutus
752 2999 814 3065 est;
838 2996 977 3053 omnibus
1062 2992 1105 3048 Sl.
1124 2992 1157 3048 iit
1171 2994 1241 3067 quia
1262 2993 1452 3050 homousiani
1476 2995 1579 3051 dicunt
1592 2995 1770 3052 salvatorem
1791 3012 1854 3054 nos·

148 3093 289 3145 utassrmt
310 3087 348 3142 oh
372 3085 535 3142 bonitatem
560 3101 644 3142 suern
667 3085 795 3153 donavit,
812 3084 875 3158 ipss
897 3086 975 3158 quod
1026 3087 1104 3138 trum
1121 3081 1297 3139 humilitatis
1311 3083 1406 3156 gratia
1421 3082 1481 3140 haec
1496 3085 1596 3141 omnia
1610 3086 1646 3140 de
1662 3085 1753 3141 Putris
1765 3103 1854 3158 pres·

140 3175 357 3235 eslansmina
373 3175 495 3246 aceepit.
511 3175 586 3247 Ergo
601 3174 661 3230 hac
684 3175 775 3230 trium
797 3175 978 3232 substantia·
1027 3171 1144 3242 cientis,
1160 3176 1190 3227 st
1213 3171 1249 3227 ds
1270 3188 1325 3227 sus
1348 3172 1529 3243 subjectione
1551 3188 1616 3230 asse
1632 3172 1773 3242 locutum,
1799 3190 1854 3233 nos
1935 3242 1938 3247 ‚

143 3281 224 3333 rum,
239 3264 346 3330 Patris,
363 3269 392 3319 et
408 3262 480 3318 sitii.
502 3268 532 3318 et
547 3262 674 3335 Spiritus
697 3263 790 3319 sancti
815 3263 975 3334 distinctio,
1025 3276 1093 3317 vero
1107 3259 1265 3317 Christiani
1281 3261 1430 3317 credimus
1451 3262 1536 3318 Patro
1550 3262 1713 3336 imperante
1728 3269 1756 3320 at
1780 3264 1853 3321 Filio

133 3359 179 3411 et
190 3353 281 3410 trium
297 3369 405 3418 rerum,
428 3352 477 3408 Dei
492 3351 626 3425 ingeniti,
643 3357 671 3408 st
696 3352 744 3408 Dei
767 3353 921 3425 unigeniti,
947 3357 976 3410 at
1025 3348 1246 3421 obtemperante
1261 3349 1322 3406 heo
1336 3351 1436 3406 omnia
1449 3367 1514 3408 essa
1528 3367 1596 3407 eum
1616 3352 1763 3420 locutum;
1780 3353 1852 3409 dici·

135 3441 277 3516 Spiritus
300 3441 431 3499 advocati
448 3440 613 3498 differentia
631 3456 637 3497 :
654 3449 682 3497 et
697 3440 783 3497 Pater
791 3447 866 3498 Deus
882 3443 975 3499 stDo-
1026 3454 1093 3495 mus
1107 3439 1390 3512 etprobamusquod
1401 3438 1527 3496 haretici
1538 3456 1572 3496 er
1583 3441 1646 3497 suis
1660 3440 1746 3497 dictis
1761 3457 1852 3513 argu-

133 3532 251 3589 ninus
263 3536 309 3588 est
325 3529 396 3588 Filio
410 3547 473 3599 suo,
487 3535 515 3586 et
530 3530 662 3587 omnium
678 3546 742 3602 qun
764 3546 816 3602 per
838 3532 975 3589 virtutem
1026 3535 1116 3583 untur
1129 3531 1158 3583 st
1173 3526 1404 3599 prehenduntur.
1420 3527 1450 3583 Si
1460 3527 1538 3584 eninr
1553 3545 1585 3585 sc
1599 3527 1777 3598 humiliavit,
1789 3531 1854 3602 ipsa

132 3617 488 3691 lliltivclunratsipsius
503 3618 662 3675 factasunt
677 3616 768 3675 Filius
789 3619 924 3677 minister
946 3624 976 3677 st
1025 3616 1177 3672 humilitas
1206 3616 1270 3687 ejus
1298 3616 1494 3671 obedientiam
1521 3618 1672 3673 ostendit:
1695 3616 1760 3689 ipss
1782 3624 1870 3677 verol

109 3720 158 3762 ⁸
169 3724 284 3765 nmmos
296 3708 432 3764 sacerdos
448 3711 494 3764 ast
504 3706 597 3763 Patris
608 3707 654 3763 sui
667 3723 674 3762 :
687 3706 820 3764 omnium
831 3724 897 3765 vero
908 3725 976 3781 ope·
1025 3702 1192 3760 obediontia
1206 3701 1297 3758 alium
1317 3718 1408 3774 supra
1430 3703 1620 3773 eminentem,
1636 3704 1726 3762 alium
1751 3705 1850 3763 subsi-

118 3809 216 3854 tam
231 3813 353 3855 auorum
368 3796 511 3852 Dominus
526 3800 554 3851 et
579 3799 653 3852 Deus
675 3800 729 3862 est,
746 3795 831 3853 Patre
851 3796 973 3854 volente.
1025 3795 1151 3848 stentem
1162 3795 1191 3847 et
1205 3791 1370 3862 subiectum
1381 3790 1519 3859 declarat,
1527 3792 1614 3848 sicuti
1630 3794 1671 3850 ait
1681 3794 1851 3866 Apostolus,

187 3887 228 3943 ss
243 3887 279 3944 lit
293 3885 380 3943 sicuti
397 3900 483 3939 uerno
498 3888 594 3956 potest
617 3883 680 3939 sina
705 3883 778 3940 Filio
799 3885 835 3940 sd
861 3885 973 3943 Patrem
1025 3881 1188 3937 humiliavit
1201 3897 1239 3950 aa,
1255 3879 1380 3937 obediens
1393 3883 1481 3951 sactus
1492 3884 1569 3938 Patri
1578 3898 1663 3956 usqua
1685 3883 1721 3939 ad
1734 3891 1852 3941 mortem

111 3972 482 4047 tamremutham
498 3977 595 4045 potest
611 3973 675 4029 sine
691 3973 801 4046 Spiritu
818 3980 919 4031 sancto
931 3975 976 4032 Fi·
1025 3968 1162 4044 (Philipp.
1179 3987 1211 4039 u,
1223 3970 1262 4041 8).
1280 3974 1314 4026 st
1327 3969 1393 4042 lpse
1406 3968 1570 4037 humilitas,
1585 3972 1777 4044 einflvvtil'iissfl
1790 3978 1846 4047 0⁸⁸,

110 4056 223 4122 lium
246 4065 278 4121 in
300 4062 421 4120 veritate
450 4063 668 4135 adorara:ergo
693 4063 723 4118 in
738 4063 848 4136 Spiritu
873 4070 975 4122 sancto
1024 4076 1082 4116 non
1099 4058 1223 4115 salsitas.
1239 4057 1310 4122 Oui!
1323 4060 1400 4115 enlm
1414 4060 1459 4115 vel
1474 4060 1721 4134 qutndosapicns
1732 4067 1852 4119 conteu-

117 4154 289 4211 adoratur
302 4152 404 4209 Filius.
1024 4153 1074 4206 tus
1092 4152 1138 4205 est
1151 4164 1184 4205 se
1196 4147 1364 4218 humiliare,
1380 4149 1437 4204 nisi
1452 4148 1558 4205 haheat
1573 4151 1714 4222 majorem
1734 4156 1764 4208 et
1786 4166 1848 4209 ma·

188 4242 228 4299 22.
243 4242 300 4299 Per
315 4241 421 4298 Filium
437 4239 617 4314 glorificatur
632 4244 728 4297 Pater.
942 4268 946 4273 ·
1025 4237 1129 4294 liorem
1152 4238 1200 4294 oui
1219 4237 1336 4294 festinet
1368 4254 1420 4310 per
1442 4238 1637 4295 humilitatem
1657 4239 1798 4313 placere?
1816 4244 1852 4298 lit

187 4331 229 4388 31).
240 4330 369 4405 Spiritus
385 4327 478 4384 sancti
493 4345 567 4400 opus
581 4333 610 4383 et
624 4327 775 4401 diligentia
789 4333 833 4385 est
846 4330 975 4386 sanctiti-
1024 4343 1089 4401 ago,
1101 4327 1208 4399 inquit,
1222 4341 1286 4398 quse
1298 4328 1409 4399 placita
1422 4331 1487 4383 sunt
1501 4329 1528 4383 ei
1540 4329 1614 4400 {acio
1636 4344 1744 4401 semper
1758 4330 1849 4401 (toan.

125 4427 226 4488 care,
239 4424 268 4477 et
282 4424 401 4476 sanctos
413 4416 571 4482 custodire,
587 4420 616 4473 et
632 4432 690 4473 non
706 4416 802 4473 solnm
814 4418 976 4475 rationabi·
1025 4431 1088 4486 vui,
1109 4416 1166 4485 29).
1182 4415 1278 4473 Semel
1293 4414 1371 4472 enirn
1386 4420 1455 4472 ante
1469 4417 1569 4473 omnia
1582 4416 1689 4473 saeuis
1702 4417 1852 4477 voluntate

127 4496 242 4579 liqut
256 4508 378 4582 quidam
395 4509 511 4579 putant,
539 4505 590 4561 sed
606 4507 635 4560 et
658 4505 869 4562 irrationabilis
891 4507 977 4580 plura
1026 4504 1077 4564 Dei
1097 4510 1195 4575 ustus,
1211 4505 1248 4559 ad
1262 4502 1442 4561 voluntatem
1463 4504 1557 4577 ipsius
1583 4510 1684 4563 omnia
1702 4512 1851 4581 operatur.

134 4597 334 4654 amarificare
351 4613 359 4652 ε
375 4600 404 4651 st
416 4610 466 4650 ecs
486 4592 537 4666 qui
558 4593 727 4649 ceciderunt
750 4598 867 4665 propter
891 4612 975 4653 suam
1026 4594 1057 4654 Si
1072 4600 1171 4651 autern
1186 4610 1218 4650 sc
1233 4592 1397 4665 humilavit,
1413 4597 1443 4650 et
1467 4594 1608 4653 mentitus
1631 4601 1687 4668 est,
1704 4598 1782 4670 quod
1803 4596 1853 4655 ah·

139 4686 370 4761 negligentiam,
385 4683 422 4740 sd
438 4682 594 4755 pristinum
606 4686 715 4738 ststum
732 4698 881 4753 reparare:
897 4683 976 4757 igno·
1027 4683 1087 4753 sit;
1111 4688 1142 4741 et
1165 4682 1191 4741 si
1214 4682 1321 4739 veritas
1345 4683 1496 4755 mentitur,
1516 4684 1594 4756 quod
1615 4685 1798 4759 impossibile
1809 4692 1855 4745 cst

144 4784 249 4834 tantm
271 4777 385 4844 docere,
411 4773 615 4830 obliviscentes
640 4773 807 4839 admonere,
824 4779 978 4846 peccantes
1027 4773 1078 4830 ubi
1093 4773 1160 4846 quis
1176 4776 1288 4846 quarat
1301 4773 1452 4829 veritatem
1464 4774 1478 4830 t
1492 4773 1548 4830 Sed
1570 4776 1677 4832 veritas
1701 4793 1753 4833 neo
1771 4793 1854 4834 men·

146 4863 396 4938 arguennpigros
411 4862 535 4930 hortari,
551 4862 586 4918 de
611 4860 707 4918 saluta
732 4878 786 4919 sus
807 4862 935 4936 cogitare
950 4867 979 4921 ot
1026 4861 1112 4931 titur,
1137 4878 1191 4919 neo
1214 4861 1363 4931 variatur,
1394 4863 1445 4934 qui
1473 4862 1510 4919 oh
1538 4863 1595 4921 hoo
1622 4864 1701 4922 venit
1728 4870 1760 4922 ut
1780 4864 1853 4921 vari-

155 4952 274 5011 sollicite
288 4969 385 5027 agare,
397 4955 530 5008 errantes
544 4951 581 5006 ad
597 4951 674 5007 viam
685 4950 977 5026 veritatiadeducara,
1029 4954 1121 5007 tatem
1149 4950 1288 5021 dccsrst;
1319 4950 1369 5024 qui
1399 4968 1457 5008 non
1481 4954 1526 5008 ast
1549 4952 1719 5026 ignorantia
1739 4955 1851 5021 doctor,

156 5034 285 5101 infirmos
299 5058 403 5099 curare
417 5044 446 5097 et
461 5039 649 5112 tragilitatem
665 5039 796 5112 corporis
810 5055 862 5113 por
876 5041 979 5098 alacri·
1029 5039 1081 5097 ssd
1111 5038 1243 5096 veritatis
1273 5038 1434 5113 magister,
1461 5044 1496 5096 ut
1518 5038 1583 5113 ipss
1621 5041 1692 5097 dixit
1721 5059 1729 5098 ι
1762 5039 1854 5100 Nolito

165 5129 241 5189 tatem
256 5131 360 5190 snima
376 5129 536 5197 continere,
552 5132 580 5184 et
601 5129 636 5183 ad
661 5143 792 5184 amorem
810 5129 927 5201 piatatis
951 5135 981 5187 et
1029 5129 1104 5185 notis
1128 5144 1225 5185 vocare
1240 5131 1384 5201 magistros
1405 5145 1490 5202 super
1502 5137 1614 5199 unum,
1630 5147 1701 5187 unas
1716 5138 1758 5187 ast
1778 5132 1855 5187 anino

169 5218 540 5286 mauriannensem
564 5233 665 5273 omnes
689 5217 874 5285 illuminem
893 5236 982 5291 super
1029 5220 1165 5289 magister
1178 5222 1266 5274 uada
1281 5219 1406 5275 dinetus
1426 5220 1530 5292 (Satn.
1545 5236 1627 5286 xrru,
1644 5220 1698 5292 10).
1709 5219 1740 5276 Si
1755 5225 1854 5278 autam

176 5309 253 5367 tnnia
277 5311 364 5366 iidem
379 5313 409 5365 et
422 5307 596 5363 charitatem
616 5307 745 5378 praebere
770 5307 907 5378 siugulis,
929 5325 981 5381 pro
1031 5307 1858 5381 dixerintquiapropterincarnationemsusmhumiliana

178 5398 252 5456 tutia
264 5414 383 5475 qunque
398 5402 426 5455 et
440 5396 604 5470 diligentia,
621 5395 849 5468 prosinoeritsta
864 5402 894 5452 et
908 5398 981 5454 sim·
999 5418 1005 5427 ·
1031 5412 1064 5452 ae
1079 5401 1302 5468 superterram,
1317 5401 1434 5468 propter
1449 5395 1584 5452 homines
1599 5394 1658 5452 hac
1669 5395 1858 5469 loquebatur,

181 5478 281 5548 iliona
296 5486 414 5554 mentia,
431 5502 483 5558 pro
498 5501 637 5542 mensura
652 5483 719 5540 lrdsi
742 5488 771 5540 et
789 5484 893 5541 merito
908 5502 981 5543 oon·

182 5577 327 5634 ”illi50ss58
348 5575 473 5650 Sffliim
495 5574 531 5630 ad
558 5572 713 5630 ”mmm
737 5573 877 5641 dwidere'
893 5592 983 5633 ΠΜ
1064 5574 1249 5700 :3123ng
1247 5576 1409 5690 ign‘tliouim
1412 5572 1619 5686 ditffiltiibantu
1620 5612 1693 5689 hune
1711 5637 1800 5692 locum
1824 5640 1859 5692 Bt

1048 5715 1090 5751 unu
1100 5700 1145 5766 qui
1153 5703 1210 5748 orat
1225 5700 1248 5749 ai
1262 5698 1306 5763 qui
1319 5696 1427 5748 raaudit
1435 5711 1446 5763 ,·
1460 5702 1484 5751 et
1498 5712 1557 5750 aum
1579 5701 1627 5766 qui
1650 5702 1738 5766 gratia
1757 5706 1821 5769 apti,
1835 5706 1860 5756 ri

183 5660 326 5755 quicquain
341 5680 400 5739 quo
415 5678 502 5737 opero
515 5666 544 5720 st
571 5663 721 5737 proposito
746 5663 835 5719 tuerit
862 5662 981 5737 habilis,
1033 5715 1047 5752 ε

184 5748 268 5827 hipso
281 5753 428 5813 ordinare.
1033 5764 1078 5832 gui
1087 5761 1222 5816 benedicit.
1268 5760 1303 5812 11.

314 5882 449 5949 Parnon.
470 5878 562 5944 ΧΗ).
1660 5884 1706 5945 it
