3908 6128
118 303 175 402 ld'l
249 338 408 403 CONTRA
429 339 703 404 annuntiarunt
725 328 989 416 llllllldllAEUll,
1012 340 1046 404 S.
1068 341 1294 420 AUGUSTlNl,
1317 341 1474 408 olseu't.
1496 340 1691 408 SECUNDA.
1761 332 1825 407 ts'a

66 462 69 469 ’
119 489 216 547 queso
231 472 302 528 mihi
319 475 361 529 ut.
377 473 440 529 Non
456 475 579 546 poterat,
595 475 783 546 respondeas.
990 473 1082 531 Deum
1099 475 1242 532 mittendo
1255 474 1515 533 animam:teoisoe
1528 492 1596 535 vero
1607 476 1702 536 Deum
1721 476 1821 535 homi·

153 563 240 619 Foar.
257 561 350 617 dixit:
368 565 430 618 Non
446 564 559 634 poterat
574 563 681 618 noceri.
992 580 1069 632 neni,
1085 567 1114 620 et
1128 563 1316 622 insulllasse¹
1332 564 1363 621 in
1376 580 1444 621 eum
1460 565 1604 634 animam,
1615 582 1704 638 quam
1716 566 1821 639 utique

152 650 198 706 24.
214 650 286 706 Auo.
303 650 394 706 dixit:
411 651 506 715 Quare
520 666 589 723 ergo
602 649 661 708 huo
677 667 730 708 nos
746 649 827 708 misit
838 667 940 708 seeun-
991 649 1137 724 prescivit
1150 651 1180 708 in
1197 653 1325 710 futuram
1338 652 1488 709 miseriam
1501 653 1616 722 involvi,
1632 661 1661 711 ot
1675 654 1818 712 bonefisio

118 740 189 796 dum
204 743 330 795 vestram
346 739 462 796 tidem?
992 740 1137 798 malorum
1150 759 1208 799 non
1223 758 1310 815 posse
1333 741 1496 800 hereditati
1520 760 1581 801 suae
1603 743 1817 818 representari.

154 828 240 884 Foar.
257 829 347 886 dixit:
365 828 508 886 Prolessio
524 844 589 886 mea
603 828 665 886 hato
678 833 735 899 eat,
750 829 819 903 quia
842 830 939 887 nooeri
991 828 1050 887 lloo
1066 835 1118 887 aut
1131 831 1293 902 ignorantis
1307 835 1363 898 est,
1377 835 1428 888 aut
1443 831 1542 888 dantis
1556 832 1688 889 animam
1702 833 1739 890 od
1754 834 1819 891 heso

115 934 175 975 non
190 921 303 990 poterat
316 918 387 984 Deo,
402 922 431 974 et
445 917 521 991 quod
534 917 612 975 Deus
622 918 680 976 huc
692 935 745 975 noe
756 918 870 976 direxit.
882 918 938 976 Sed
992 918 1070 974 mala
1084 935 1148 992 qus
1163 936 1254 993 supra
1268 924 1430 977 memorata
1444 924 1523 978 sunt.
1535 920 1567 977 ld
1576 922 1817 992 oommemoravi‚

115 1006 186 1080 quia
200 1005 229 1063 id
247 1006 300 1064 tibi
316 1007 496 1064 eontrarium
511 1011 565 1077 est,
582 1011 614 1063 tu
630 1007 677 1065 dio
692 1024 751 1081 qua
765 1007 876 1065 ratione
891 1008 940 1066 hio
991 1007 1062 1080 quia
1076 1007 1174 1064 dixisti
1189 1012 1257 1065 ante
1271 1014 1390 1082 tempus
1400 1025 1458 1065 non
1474 1008 1612 1075 multum,
1626 1010 1705 1081 quod
1723 1011 1819 1083 adop-

114 1095 251 1170 apparuit
269 1096 379 1164 anima,
396 1112 485 1169 quam
502 1112 580 1153 nuno
596 1096 679 1170 cupit
695 1098 770 1154 Deus
785 1102 895 1166 noster,
912 1101 941 1156 et
991 1096 1096 1152 laverit
1110 1095 1165 1153 sibi
1183 1101 1258 1153 neus
1273 1096 1414 1164 animam,
1430 1114 1487 1154 oon
1512 1097 1590 1171 quod
1613 1098 1650 1155 ab
1672 1097 1736 1172 ipso
1757 1099 1818 1169 sit:

114 1186 275 1253 mandatis,
290 1188 319 1241 et
333 1184 450 1258 proprio
465 1183 536 1241 lilio
548 1185 657 1242 directo
667 1184 816 1243 liberare?
992 1183 1071 1241 aliud
1087 1189 1132 1242 est
1145 1183 1224 1243 enim
1239 1186 1390 1258 adoptare.

150 1272 195 1329 25.
211 1276 285 1330 Auo.
311 1273 402 1329 dixit:
427 1273 570 1341 Quoniam
596 1272 729 1332 vidente
752 1273 940 1349 interrogatis
1026 1273 1819 1348 29.Aou.dixit:Deadoptionenostrameminimesuta

117 1362 191 1420 meis
205 1362 380 1436 respondere
395 1378 454 1418 non
467 1362 607 1435 potuisse,
624 1366 653 1419 et
668 1378 714 1419 me
725 1361 836 1437 aliquid
847 1363 940 1421 inter·
991 1362 1075 1418 dies²
1090 1361 1200 1420 dixisse
1228 1363 1389 1420 seeundum
1399 1363 1601 1420 testimonium
1611 1362 1754 1438 Apostoli,
1766 1363 1818 1438 qul

115 1466 218 1523 rogare
233 1449 370 1519 voluisse,
386 1467 452 1509 eone
464 1450 611 1509 satisfacio
626 1451 691 1521 tibi,
706 1453 866 1511 dummodo
878 1469 939 1510 me·
991 1450 1063 1507 dinit
1076 1467 1130 1508 nos
1144 1455 1261 1509 voratos
1275 1453 1305 1507 in
1320 1452 1506 1525 adoptionem
1522 1451 1649 1509 tiliorum
1664 1452 1774 1525 (tiphos.
1796 1469 1817 1525 1,

116 1538 240 1597 mineris
253 1543 281 1596 te
296 1540 331 1596 ad
349 1540 378 1595 id
393 1541 469 1614 quod
481 1540 657 1614 interrogavi
670 1558 728 1598 non
739 1542 938 1616 respondisse.
990 1540 1029 1609 5).
1045 1539 1108 1596 Non
1122 1557 1191 1614 ergo
1206 1556 1305 1597 meum
1321 1540 1376 1597 tuit
1387 1539 1471 1608 illud,
1483 1541 1533 1597 sed
1547 1541 1741 1614 apostolieum
1752 1559 1816 1601 res·

114 1628 217 1686 Anima
233 1646 321 1701 quare
331 1628 380 1685 hio
390 1629 464 1685 sitin
477 1630 587 1687 mundo
598 1630 729 1688 involuta
738 1630 939 1701 miseriis,non
991 1645 1129 1702 pensum.
1145 1629 1186 1687 De
1201 1644 1261 1703 qua
1275 1646 1317 1702 re,
1329 1628 1358 1686 id
1374 1633 1429 1701 est,
1446 1629 1481 1686 de
1495 1629 1553 1687 ista
1566 1629 1734 1704 adoptione,
1759 1647 1816 1690 suo

115 1719 213 1785 modo,
231 1719 282 1774 sed
296 1718 383 1791 paulo
398 1722 465 1776 ante
480 1719 578 1777 neseio
594 1720 709 1793 quoties
724 1738 742 1778 a
756 1738 803 1778 me
826 1721 939 1779 dictum
991 1722 1133 1791 tempore,
1150 1718 1175 1776 si
1190 1717 1295 1792 planet,
1311 1717 1513 1792 inquiramus:
1529 1722 1559 1777 et
1572 1720 1608 1777 de
1623 1718 1675 1777 illa
1689 1720 1753 1777 sins
1767 1720 1815 1778 di·

115 1809 171 1866 est.
182 1806 314 1863 Peccavit
324 1807 433 1880 anima,
446 1811 474 1864 et
485 1807 549 1865 ideo
563 1810 672 1867 misera
680 1813 733 1867 est.
744 1810 941 1867 Liberumar·
967 1805 1099 1865 ‘latione
1122 1807 1331 1881 respondebo⁸,
1354 1824 1422 1866 oum
1447 1815 1480 1865 tu
1505 1806 1577 1867 meis
1597 1807 1815 1881 objectionibus

115 1896 238 1955 bitrium
254 1895 437 1968 aceepit,use
449 1900 494 1954 est
503 1896 595 1955 libero
606 1898 737 1969 arbitrio,
749 1899 939 1972 quemadmo·
991 1896 1186 1970 responderis.
1461 1898 1466 1909 ’

117 1987 188 2044 dum
203 1984 312 2042 voluit:
328 1984 413 2058 lapsa
424 1990 479 2054 est,
494 1987 586 2058 ejecta
597 1987 632 2043 de
643 1987 940 2062 beatitudine,impli·
1027 1984 1411 2061 Foar.dixit:i>rogresanm
1426 1984 1589 2044 diooluissa
1600 1986 1704 2044 anima
1714 1990 1817 2046 eontra

117 2078 182 2132 eata
196 2078 241 2132 est
252 2074 389 2131 miseriis.
403 2075 446 2130 Ad
461 2074 517 2131 boo
532 2075 585 2132 tibi
601 2076 717 2133 reoitavi
737 2077 939 2135 testimonium
991 2076 1167 2132 eontrarium
1182 2078 1330 2145 naturam,
1345 2093 1407 2149 qua
1423 2080 1526 2134 natura
1540 2080 1597 2133 Deo
1613 2092 1717 2135 uouere
1738 2076 1814 2134 nihil

115 2163 246 2237 Apostoli
261 2163 385 2219 dicentis
399 2179 406 2218 :
422 2162 499 2220 Sicat
512 2181 564 2237 per
587 2181 673 2222 naam
697 2166 835 2223 homiaem
854 2183 938 2235 mora
991 2166 1115 2237 potarat.

116 2253 200 2311 raet
220 2268 271 2326 per
292 2269 380 2309 onom
403 2254 543 2310 homiaem
566 2257 733 2312 resurreetio
757 2263 938 2312 nsortnoram.
1026 2252 1071 2308 30.
1087 2254 1161 2309 Aoo.
1178 2251 1270 2310 dixit:
1290 2252 1365 2319 Quid
1385 2269 1461 2326 opus
1481 2255 1544 2309 erat
1566 2251 1622 2309 lsto
1645 2268 1816 2326 progressu,

116 2341 199 2408 Quod
225 2341 332 2415 quoeris
360 2341 514 2415 amplius?
537 2342 621 2401 Unde
645 2347 678 2400 tu
702 2345 865 2418 responde;
891 2345 939 2402 nui
990 2340 1042 2398 ubi
1057 2340 1130 2397 nihil
1146 2341 1280 2399 'habebat
1299 2342 1377 2400 Deua
1398 2342 1476 2415 quod
1498 2344 1620 2412 maeret,
1642 2342 1690 2399 nui
1712 2358 1817 2400 nocere

115 2430 215 2491 noceri
231 2447 289 2488 noo
305 2434 430 2504 poterat,
446 2447 537 2504 quare
553 2431 611 2489 hue
626 2450 679 2490 nos
694 2433 798 2490 misit?
992 2429 1066 2487 nihil
1082 2429 1218 2504 poterat?

152 2520 240 2579 Foar.
257 2519 350 2577 dixit:
367 2519 461 2577 Causa
475 2521 537 2578 han
550 2523 708 2595 querenda
722 2526 777 2593 est,
803 2539 855 2579 our
880 2520 939 2579 huo
1027 2520 1112 2577 Fons.
1130 2518 1221 2576 dixit:
1237 2519 1811 2593 Constatapudoonsoientlamvestram,

115 2610 229 2668 venerit
240 2608 348 2678 aoima,
365 2613 417 2666 aut
430 2625 521 2683 quare
535 2612 669 2668 eamdem
685 2611 762 2669 Deus
777 2610 846 2669 hino
860 2611 953 2686 cupit·
992 2625 1010 2667 a
1024 2608 1083 2665 Deo
1097 2608 1213 2666 venisse
1227 2609 1404 2667 Christum?

117 2698 253 2770 liberare,
269 2715 332 2772 qua
345 2698 375 2755 in
391 2699 485 2757 medio
499 2699 645 2757 malorum
661 2700 744 2758 vivit.
1026 2698 1071 2754 31.
1087 2699 1160 2754 Auo.
1177 2698 1265 2756 dixit:
1281 2698 1389 2755 iterum
1407 2714 1454 2756 me
1472 2697 1657 2773 interrogas?
1667 2698 1709 2757 Ad
1726 2699 1816 2758 inter

152 2788 198 2846 2d.
214 2789 287 2845 Aoo.
304 2786 395 2844 dixit:
412 2787 493 2845 Hane
507 2805 628 2846 oausam
644 2790 742 2847 abste
769 2806 866 2864 quaro
880 2807 888 2861 3
910 2790 939 2848 id
990 2793 1092 2861 rogata
1106 2788 1260 2860 responde.

117 2882 172 2949 est,
195 2876 221 2934 si
245 2877 302 2934 Deo
327 2876 425 2936 noceri
448 2893 506 2934 noo
530 2882 656 2952 potarat,
681 2895 771 2952 quare
794 2878 853 2937 huo
886 2896 940 2937 nos
1026 2877 1113 2945 Fons.
1129 2876 1220 2933 dixit:
1235 2877 1394 2952 Sioaooepi
1414 2877 1444 2934 io
1469 2879 1536 2950 ilde,
1561 2879 1640 2953 quod
1661 2877 1815 2937 voluntate

116 2967 221 3027 misit?
990 2964 1041 3023 Dei
1056 2965 1119 3038 ipse
1134 2964 1192 3023 huo
1204 2965 1325 3023 venerit.

151 3056 238 3114 Foar.
251 3056 342 3112 dixit:
354 3053 670 3126 Quarituranobis,ai
683 3059 738 3117 [iso
755 3057 867 3116 malum
887 3075 940 3116 no·
1029 3054 1074 3112 32.
1089 3056 1163 3112 Aoo.
1180 3053 1272 3113 dixit:
1288 3055 1322 3112 lit
1336 3072 1389 3128 ego
1407 3055 1491 3114 dieo:
1514 3055 1592 3114 Deus
1613 3056 1813 3131 omnipotens,

117 3161 183 3206 uere
197 3161 255 3202 nou
272 3143 376 3218 possit,
391 3161 481 3218 quare
496 3144 554 3203 hun
567 3146 666 3204 anima
676 3147 767 3205 missa
778 3147 874 3218 luerit,
889 3152 941 3206 aut
991 3143 1179 3213 inviolabilis,
1201 3144 1462 3214 innommutabilis,
1482 3145 1529 3204 eui
1544 3145 1641 3203 nooeri
1656 3145 1730 3203 nihil
1745 3164 1815 3221 pos·

119 3252 179 3310 qua
193 3234 306 3292 rationo
321 3234 432 3291 mundo
447 3233 592 3308 permixta
606 3236 655 3292 sit.
671 3237 752 3305 Quod
764 3236 794 3293 in
804 3253 838 3293 eo
848 3236 942 3294 mani·
991 3234 1030 3291 sit
1044 3250 1135 3307 quare
1150 3233 1208 3292 huo
1223 3236 1353 3292 animam
1369 3236 1403 3292 ad
1420 3235 1564 3306 miserias,
1581 3236 1766 3305 sderrorem,
1777 3237 1814 3295 ad

120 3326 228 3383 lentum
237 3323 367 3397 estquod
376 3322 742 3400 aitApostotuszttumqato
752 3325 941 3399 dicitfipmen·
991 3323 1049 3381 iata
1064 3339 1128 3396 qua
1143 3324 1283 3397 patimur,
1300 3323 1405 3381 misit?

118 3415 319 3484 tumulantes
332 3413 418 3486 finxit
428 3431 440 3470 .·
455 3413 511 3470 dor
523 3430 567 3472 me
582 3416 621 3472 ita
635 3417 800 3485 [moveris
812 3416 940 3486 litamur,
1027 3412 1114 3470 Fonr.
1131 3412 1223 3471 dixit:
1238 3413 1353 3470 Dictum
1368 3417 1413 3471 est
1428 3412 1526 3471 enim:
1541 3414 1711 3470 Potsttotem
1725 3413 1813 3471 tadeo

117 3502 188 3574 20)l
204 3501 234 3560 Si
249 3518 318 3576 ergo
334 3503 485 3560 oausanda
499 3507 543 3560 est
558 3504 619 3561 hae
632 3521 688 3576 res,
713 3505 941 3579 interrogandus
989 3500 1112 3573 ponendi
1126 3504 1250 3559 animam
1263 3518 1362 3571 meam,
1378 3505 1404 3558 et
1415 3504 1574 3576 potestatem
1582 3501 1738 3575 arripiendi
1750 3516 1813 3559 eom

118 3596 164 3652 est
177 3609 231 3651 our
244 3592 374 3649 animam
389 3591 514 3649 direxit¹
531 3592 614 3650 nulla
629 3598 750 3667 nogento
765 3609 797 3651 se
815 3594 944 3652 nenessi-
992 3591 1081 3661 (loon.
1094 3608 1123 3659 x,
1139 3589 1195 3663 18).
1212 3590 1296 3649 Nune
1310 3591 1398 3649 dixit⁸
1414 3593 1493 3665 quod
1507 3589 1657 3649 voluntate
1677 3590 1729 3648 Dei
1744 3605 1815 3664 pro·

117 3685 188 3743 tate.
208 3682 238 3739 Si
258 3684 356 3739 autem
380 3681 541 3738 nenessitas
564 3681 619 3738 luit
640 3683 776 3740 mittendi
800 3683 941 3756 animam,
991 3693 1094 3754 gressa
1108 3678 1275 3736 estanima.

118 3771 224 3830 merito
240 3774 284 3828 est
298 3774 327 3827 et
342 3769 479 3829 voluntas
492 3769 636 3829 liberandi
651 3788 727 3829 eam.
1027 3766 1073 3824 33.
1089 3774 1163 3825 Auo.
1180 3767 1269 3824 dixit:
1281 3768 1340 3842 ligo
1355 3770 1452 3826 summ
1469 3783 1590 3825 oausam
1601 3783 1710 3841 quaro,
1724 3782 1816 3840 quare

155 3860 202 3917 27.
218 3866 294 3917 Aoo.
311 3858 402 3916 dixit:
419 3858 566 3916 Premitur
580 3860 943 3933 ergoDsusneoeasitatsl
993 3872 1060 3914 oum
1077 3860 1133 3914 Deo
1148 3856 1245 3914 nooeri
1259 3855 1333 3914 nihil
1350 3856 1519 3930 posstt⁸...t

157 3948 243 4007 Foar.
259 3947 350 4004 dixit:
366 3946 431 4004 Jam
446 3947 501 4004 hoo
516 3952 580 4005 est:
598 3947 657 4005 noli
670 3950 705 4006 ad
716 3949 856 4007 invidiam
867 3948 942 4008 sxoi-
1028 3948 1116 4002 Boon.
1133 3945 1220 4002 dixit:
1236 3944 1314 4002 Nihil
1330 3945 1427 4003 uoueri
1442 3945 1500 4002 Deo
1512 3943 1576 4017 jam
1592 3943 1731 4012 diximus,
1746 3941 1818 4001 etin

120 4038 186 4096 tare
199 4037 229 4093 id
244 4037 322 4110 quod
338 4036 450 4094 dictum
472 4040 528 4109 est,
544 4038 621 4111 quod
637 4054 695 4094 non
711 4038 877 4095 necessitati
904 4038 944 4097 fa·
994 4032 1142 4090 eontraria
1153 4038 1258 4090 natura
1267 4050 1331 4090 esse
1340 4033 1470 4091 animam
1479 4033 1619 4101 diximus,
1628 4032 1694 4090 ideo
1702 4034 1736 4089 ut
1749 4048 1820 4089 ooo·

121 4125 216 4184 ninius
232 4125 384 4183 subditum
399 4141 463 4183 esse
475 4127 577 4196 Deum,
593 4127 644 4184 sed
654 4127 817 4185 voluntaria
827 4127 945 4185 misisse
993 4122 1090 4179 traria
1106 4126 1215 4179 natura
1230 4123 1351 4180 modum
1366 4121 1550 4196 imponeret:
1571 4122 1659 4180 modo
1679 4120 1820 4194 imposito

122 4215 264 4274 animam.
995 4212 1146 4268 contraria
1161 4214 1283 4280 natura,
1298 4211 1388 4268 sumit
1402 4212 1536 4269 eamdem
1551 4211 1640 4268 Deus.
1654 4209 1720 4284 lpse
1738 4210 1819 4267 enim

156 4302 202 4359 28.
217 4304 292 4359 Aua.
309 4302 400 4360 dixit:
417 4302 518 4361 Reoita
531 4304 610 4377 quod
622 4320 712 4378 supra
722 4305 834 4366 dietum
845 4309 899 4363 eat.
911 4306 947 4363 tlt
996 4301 1078 4373 dixit,
1092 4302 1255 4358 Poteatotem
1265 4301 1349 4357 lateo
1358 4300 1481 4373 ponendi
1490 4302 1616 4358 animam
1625 4315 1716 4357 meone
1728 4302 1755 4357 et
1768 4314 1820 4372 po·

122 4392 277 4450 renitatum
293 4395 354 4448 est:
372 4392 506 4450 Stantem
518 4395 728 4465 acaemitorlait
738 4394 867 4452 mittendi
882 4396 945 4452 oni·
996 4390 1263 4448 monamsommoi
1271 4393 1426 4446 comitano
1436 4388 1822 4462 Patormihideditpotesta-

123 4496 211 4550 mam,
222 4482 319 4538 merito
330 4486 369 4538 eat
378 4486 405 4538 et
415 4480 545 4539 voluntas
555 4483 693 4541 liberandi
703 4483 944 4541 enm.1lou.dixit:
997 4484 1056 4537 tem
1068 4478 1195 4552 ponendi
1206 4478 1335 4536 animam
1346 4495 1453 4548 meam,
1464 4483 1493 4536 et
1505 4478 1644 4536 sumendi
1654 4494 1730 4536 eam.
1743 4478 1821 4536 Deus

122 4569 317 4630 Audivimus:
333 4570 365 4628 Si
384 4575 475 4628 omem
496 4576 642 4630 ’κωπίω
664 4573 864 4645 [admittendi
882 4575 946 4630 oni·
996 4584 1065 4643 ergo
1080 4569 1131 4642 qui
1141 4566 1356 4643 loquebaturin
1370 4566 1452 4639 lilio,
1463 4568 1564 4642 dequa
1577 4568 1677 4626 anima
1691 4566 1823 4626 disereti

124 4676 211 4731 mom,
227 4659 377 4717 meritona
391 4659 561 4718 etantanto:
576 4661 713 4720 liberandi
727 4678 797 4720 eom.
820 4662 862 4720 Tu
878 4678 947 4736 ergo

125 4746 225 4807 dixisti
241 4748 333 4806 luisse
351 4750 554 4808 necessitatem
570 4751 708 4808 mittendi
723 4751 865 4809 animam.
889 4750 946 4809 Sed
1032 4756 1196 4807 'Vatioanos
1210 4755 1301 4815 codex,
1317 4756 1342 4806 rt
1354 4752 1510 4807 turiniano.

125 4837 253 4898 simodo
267 4836 449 4896 voluntatem
463 4839 508 4897 vis
522 4839 644 4911 discam,
660 4845 689 4898 et
702 4841 758 4898 hoo
769 4841 864 4898 addo²
876 4857 883 4898 :
895 4839 948 4896 Cui
997 4821 1042 4934 tu:
1053 4818 1530 4933 Xffiphdrffilssffligdgfffflffi
1542 4816 1687 4931 ’ἕψων
1703 4815 1821 4867 ‘milui'

125 4926 223 4987 nooeri
240 4926 313 4984 nihil
324 4931 447 5001 poterat,
463 4928 589 4987 erudelis
599 4927 736 4987 voluntas
746 4929 802 4987 fuit
812 4928 947 4987 mittendi
1030 4944 1115 4996 ⁸142„
1130 4943 1257 4994 Gddoani
1271 4947 1298 4994 ,t
1311 4943 1440 5003 nauem,
1458 4943 1490 4995 de
1508 4944 1514 4956 ·
1573 4937 1748 4992 marafim
1769 4952 1824 4991 m.

125 5016 256 5076 animam
275 5015 312 5074 sd
326 5019 423 5073 unas
438 5016 583 5074 miserias.
599 5017 680 5083 Quod
696 5017 845 5075 refellendi
859 5033 949 5121 eausa
997 5002 1823 5133 ἓῼιζέξαῦξ·ιξὲἱῑᾶαξξθξῑθῗέἕὲῑίῃᾞὲῐιὲἑίὦζθνπέαιξεξκ.

126 5106 196 5180 (Ῑῑῑίῑ
209 5104 325 5180 l⁰qu⁰lr
344 5105 459 5163 “niam
474 5111 541 5178 90²⁰
555 5106 592 5163 ab
616 5106 696 5164 illim
722 5105 810 5164 unllffl
835 5107 949 5164 mim·
1030 5131 1133 5191 tuditi,
1148 5144 1200 5182 non
1214 5130 1291 5181 duit.
1306 5129 1400 5181 Melior
1413 5129 1611 5184 rideturlectlo
1625 5128 1825 5180 Victorinorum

129 5195 239 5262 sordis,
249 5195 279 5252 in
295 5210 353 5268 quo
368 5211 451 5268 spem
462 5194 644 5255 liborstionis
656 5195 800 5254 habemus
810 5196 846 5253 ab
857 5195 949 5254 omni·
999 5194 1251 5267 manuscriptorum,
1266 5192 1426 5268 amentata
1442 5193 1508 5270 ‚sive
1531 5191 1670 5267 tortuosa
1690 5190 1726 5241 rit
1748 5189 1824 5251 tttod,

127 5282 185 5340 ¹:¹⁸
203 5283 351 5342 tiaran
366 5282 581 5341 tautumm-
999 5257 1225 5371 ttttttttttt
1235 5269 1268 5369 2⁰¹¹
1282 5268 1427 5369 wilti
1441 5251 1744 5384 :tt‘ttttttlu
1759 5251 1825 5383 Ἄ·

165 5371 252 5429 Fons.
267 5373 358 5431 dixit:
374 5374 434 5432 Nos
448 5373 544 5432 dicere
558 5390 708 5432 asseveras
723 5370 872 5430 crudelem
886 5388 951 5431 esse
999 5395 1087 5449 perra
1100 5385 1137 5458 ert
1151 5382 1260 5432 omma:
1274 5394 1320 5444 eqo
1334 5383 1429 5455 ontqn,
1447 5387 1498 5433 eto.

1031 5444 1200 5496 ⁸Vaticanus
1214 5446 1261 5495 tta.
1275 5445 1342 5496 dno.
1358 5443 1442 5493 deant:
1457 5445 1511 5508 Epo
1525 5454 1619 5510 quara
1633 5454 1692 5492 un
1705 5440 1767 5514 Deo·
1778 5453 1828 5491 no·

163 5512 313 5564 ¹Viotoriui
326 5515 389 5566 lisa.
403 5517 604 5582 armandos
621 5518 660 5566 ert
679 5515 724 5581 qai
746 5515 861 5564 mimam
883 5513 952 5564 dire·
999 5520 1057 5580 “l'‘
1069 5506 1138 5559 nihil
1150 5509 1243 5572 pessel.
1258 5520 1304 5556 Μ·
1317 5504 1367 5556 lte
1378 5505 1493 5580 animam
1509 5506 1619 5580 moad.
1632 5504 1708 5556 Fon·
1721 5503 1827 5555 :dwllt

132 5575 184 5626 sit.
1004 5567 1092 5620 tauers
1105 5569 1176 5642 qnod
1191 5568 1322 5619 autumate
1336 5568 1383 5618 Der
1393 5582 1531 5634 proqrerrn
1544 5570 1580 5619 rat
1592 5567 1691 5627 aalma,
1701 5564 1748 5617 tor
1756 5564 1824 5617 otro.

161 5638 218 5689 ⁸ln
232 5637 376 5689 Victorinis
389 5641 464 5698 ttae..
478 5644 503 5692 et
517 5642 554 5693 od
572 5640 619 5694 troc
637 5639 715 5693 oddo.
729 5640 760 5691 ln
778 5638 910 5698 vatioaoo,
927 5639 953 5690 et
1003 5634 1070 5706 dou.
1084 5632 1171 5683 droa:
1188 5632 1338 5697 liquentem
1353 5644 1457 5682 meam
1471 5644 1570 5706 pastro,
1583 5644 1642 5683 mm
1654 5629 1708 5681 Deo
1733 5641 1827 5681 nam

127 5698 276 5757 tanda
1001 5693 1165 5761 nattlporrtt,
1179 5692 1288 5747 curtae
1300 5693 1416 5748 miram
1432 5696 1513 5748 murt.
