3908 6128
1553 200 1569 253 ἴ

198 310 273 374 ιοιι
754 306 1110 387 berarmannus.
1133 311 1348 373 aucusnur
1542 256 1559 275 '⁵
1825 307 1908 374 ιοιι

199 447 307 520 quibus
317 444 451 503 eruditur
461 445 981 515 animus,memoriecommendatur‚
992 446 1024 499 ut
1077 442 1123 498 ius
1136 448 1241 515 potest,
1251 445 1307 500 nisi
1318 461 1391 516 quae
1403 445 1457 501 isto
1468 443 1712 518 viditincorpore
1721 444 1908 502 constitutus·

199 537 238 594 sit
252 553 311 609 quo
326 536 421 593 redire
435 535 539 607 possit,
564 552 627 607 qua
652 535 767 609 cogitur
788 535 857 592 inde
877 533 1021 591 transire:
1079 536 1131 588 aut
1141 532 1184 588 eis
1194 549 1256 603 quae
1267 537 1408 589 noverant
1424 533 1625 591 indicantibus
1641 533 1780 605 credidit,
1795 550 1848 591 scu
1862 534 1908 592 lit·

200 622 1025 699 quamviesiadmemoriamcogitationonrediret,atque
1079 620 1907 695 teriscujusque,eeuverbis?Nonenimacquiesceudum

201 715 278 787 quod
298 713 554 770 commendaverat
573 713 612 769 ibi
635 712 973 786 inveniretlvelutrudie
988 710 1023 766 ad
1079 715 1123 766 est
1133 710 1174 767 eis
1188 711 1239 782 qui
1254 712 1383 767 Samium
1399 712 1592 785 Pythagoram
1606 712 1707 768 lerunt
1723 713 1905 770 recordatum

200 803 256 861 boe
270 803 347 860 sicut
370 803 459 859 ducta
481 803 576 859 luerat
596 802 762 869 duceretur,
779 800 867 871 idque
883 799 1026 856 inveniret
1079 797 1171 855 tuisse
1186 799 1768 873 talianonnulluquaelueretexpertus1,
1781 800 1905 858 cumhio

201 892 252 949 ubi
268 892 397 965 primurn
412 892 572 959 invenerat,
596 891 625 946 in
651 889 700 946 illa
724 888 837 946 seilicet
855 889 1026 960 incorporea
1079 886 1135 942 alio
1147 889 1492 961 jamiuiesotinrorpora:
1503 888 1904 948 etaliosuonnullosnarrant

201 982 333 1049 veritate,
349 981 427 1037 unde
437 996 541 1037 rursus
552 979 637 1053 quasi
649 977 830 1050 descriptum
841 978 870 1033 in
884 977 1026 1034 memoria
1080 975 1139 1044 alii,
1152 977 1295 1047 ejusmodi
1307 977 1418 1050 aliquid
1431 980 1460 1034 in
1472 979 1534 1036 suia
1545 979 1698 1035 mantibus
1708 995 1903 1052 passoszquas

201 1069 350 1143 ligaretur.
367 1070 467 1141 Neque
490 1069 570 1125 enim
594 1069 671 1124 sicut
695 1071 802 1132 manet,
826 1066 905 1122 verbi
921 1066 1024 1138 gratia,
1080 1063 1903 1141 taleassuissememorias,qualesplerumqusexperimur

202 1157 340 1232 quadrati
355 1157 485 1229 corporis
510 1154 701 1229 incorporalis
724 1161 753 1211 et
777 1153 1026 1211 incommutabilis
1081 1152 1110 1208 in
1125 1155 1249 1222 somnia,
1266 1158 1385 1228 quaudo
1400 1157 1485 1213 nobis
1499 1157 1635 1213 videmur
1655 1156 1813 1215 reminisci
1826 1160 1902 1230 quasi

203 1247 286 1316 ratio,
302 1246 346 1302 sic
362 1246 440 1302 inea
456 1249 553 1302 manet
569 1244 697 1302 hominia
713 1244 870 1317 cogitatio;
886 1244 911 1300 ei
926 1248 1026 1299 tamen
1080 1243 1227 1315 egerimus
1242 1254 1294 1301 aut
1308 1245 1478 1316 viderimus,
1495 1246 1573 1318 quod
1589 1262 1641 1303 neo
1656 1246 1778 1318 egimus
1789 1247 1900 1305 omnino

201 1335 239 1391 ad
254 1351 318 1392 eam
334 1335 398 1391 sine
413 1334 569 1406 phantasia
584 1334 672 1407 spatii
693 1333 795 1390 localis
819 1333 913 1406 potuit
927 1349 1027 1405 perve-
1081 1348 1134 1387 nec
1145 1332 1792 1405 vidimue;eteomodoadeotasesaeillorum
1799 1342 1901 1391 mentes

203 1422 275 1482 nire.
292 1425 351 1480 Aut
375 1423 400 1478 ei
416 1422 543 1494 alicujus
566 1422 716 1479 artificiosi
731 1428 759 1479 et
778 1421 883 1479 musici
898 1422 962 1478 soni
977 1437 1029 1494 per
1081 1420 1168 1477 etiam
1180 1421 1377 1495 vigilantium,
1389 1422 1530 1479 instinctu
1541 1422 1702 1497 spirituum
1712 1423 1900 1498 malignorum

203 1529 302 1570 moras
315 1511 457 1584 temporie
471 1510 651 1568 transeuntis
675 1510 871 1568 numerositas
894 1527 1029 1583 compre·
1081 1512 1168 1580 atque
1179 1509 1339 1581 fallacium,
1351 1513 1460 1584 quibus
1475 1527 1553 1570 curae
1567 1516 1612 1569 est
1625 1513 1660 1569 de
1676 1511 1900 1571 revolutionibus

202 1602 360 1668 hendatur,
377 1600 441 1657 sine
460 1606 591 1672 tempore
615 1604 697 1657 stans
721 1600 751 1657 in
775 1601 901 1673 quodam
917 1604 1028 1656 secreto
1082 1596 1245 1654 animarum
1258 1600 1361 1656 taleam
1373 1598 1540 1673 opinionem
1552 1601 1589 1657 ad
1604 1600 1800 1673 decipiendos
1815 1600 1899 1660 bomi-

203 1688 321 1762 altoque
348 1688 479 1755 silentio,
509 1689 622 1745 tamdiu
651 1688 754 1746 saltem
783 1687 905 1762 cogitari
932 1692 1029 1761 potest
1083 1702 1133 1741 nes
1150 1686 1324 1745 ssrmarevel
1350 1704 1455 1760 serere,
1471 1689 1574 1745 exhoc
1595 1689 1704 1760 conjici
1719 1693 1830 1762 potest,
1845 1691 1904 1765 quia

203 1778 344 1850 quamdiu
374 1782 470 1850 potest
496 1776 546 1834 ille
574 1782 678 1834 cantus
704 1776 819 1833 audiri:
835 1781 934 1849 tamen
949 1778 1026 1850 quod
1083 1774 1108 1830 si
1122 1791 1188 1832 vare
1201 1775 1252 1832 illa
1267 1777 1491 1834 recordarentur
1505 1795 1570 1851 quaa
1585 1778 1634 1836 hie
1648 1778 1678 1834 in
1690 1777 1904 1853 aliisanteapo·

202 1868 271 1923 inda
299 1867 430 1939 rapuerit
457 1866 513 1923 atsi
541 1865 689 1922 transiens
712 1865 820 1922 mantis
838 1871 984 1939 aspectus,
1000 1870 1030 1923 et
1082 1862 1131 1919 siti
1145 1866 1317 1936 corporibus
1332 1867 1474 1936 uiderant,
1495 1867 1598 1924 multis
1622 1884 1656 1924 ae
1681 1883 1758 1940 pene
1773 1867 1903 1926 omnibus

203 1956 287 2028 quasi
303 1955 429 2028 glutiens
440 1954 470 2010 in
487 1955 687 2012 ventrem¹ita
697 1954 726 2011 in
739 1954 881 2012 memoria
890 1970 1028 2028 reposue-
1083 1952 1113 2009 id
1132 1955 1332 2027 contingeret:
1357 1956 1595 2028 quandoquidem
1618 1960 1650 2012 ut
1673 1957 1711 2012 de
1734 1956 1813 2014 vivis
1835 1974 1904 2015 mor-

203 2045 251 2114 rit,
267 2044 374 2117 poterit
388 2044 568 2101 recordando
583 2045 711 2116 quodam
726 2045 813 2101 modo
827 2043 988 2111 ruminare,
1000 2049 1029 2101 et

203 2133 235 2189 iu
250 2131 435 2205 disciplinam
451 2134 530 2205 quod
546 2133 589 2190 sio
603 2133 739 2190 didicerit
754 2133 900 2206 trajicere.
910 2133 991 2197 Quod
1003 2133 1028 2190 si

205 2221 292 2279 luerit
317 2220 487 2278 omnimoda
509 2220 655 2278 oblivione
679 2221 819 2287 deletum,
842 2238 946 2278 rursus
961 2221 1029 2277 doc·

204 2311 284 2367 trina
298 2311 371 2367 duca
388 2311 424 2367 ad
441 2310 468 2365 id
482 2309 617 2367 venietur
638 2310 715 2382 quod
739 2309 858 2381 penitus
872 2308 1028 2377 exciderat,

204 2403 232 2457 et
249 2399 291 2456 sie
306 2399 471 2456 invenietur
487 2403 521 2455 ut
535 2402 606 2456 erat.

240 2487 358 2545 CAPUT
369 2488 859 2546 XV.-2l.coatrureminiacentiom
869 2488 1031 2545 Piotoaiset

203 2577 489 2650 Pythagora.5emiua
497 2575 1031 2650 Pptboqorm.Dedifferentieaopientiae

205 2667 359 2737 cadentia,
370 2674 396 2723 et
405 2667 440 2723 de
452 2666 1030 2745 quarendeoiaitoteinscientiotemporc·

206 2750 1030 2828 lium.UndePlatoillephilosophuspiobilispersuadere

207 2848 386 2901 conatueest
404 2843 511 2901 vixisse
533 2844 581 2899 bic
600 2844 715 2901 animas
730 2843 896 2915 hominum,
908 2847 1027 2901 etanta-

135 2962 138 2967 ·
207 2950 295 3006 quarn
313 2933 369 2989 ista
385 2949 504 3007 corpora
518 2938 675 3005 generent:
692 2938 721 2991 et
737 2933 805 2990 binc
826 2949 891 2989 esse
905 2934 981 3007 quod
995 2949 1030 2989 aa

207 3039 271 3095 quas
283 3021 446 3088 discuntur,
455 3022 791 3095 reminiscunturpotius
800 3022 926 3095 cognita,
940 3039 1027 3095 quam

207 3110 1028 3183 cognoscunturnovelletulitenim,puerumqucmdam

207 3198 310 3255 neseio
327 3214 390 3269 qua
410 3199 446 3254 de
461 3198 654 3272 geometrioa¹
669 3199 892 3271 interrogatum,
908 3200 951 3256 aio
965 3216 1027 3256 res·

211 3286 361 3360 pondisse,
379 3297 519 3358 tanquam
535 3292 613 3343 asset
633 3286 713 3344 illius
729 3288 926 3359 peritissimus
941 3287 1028 3345 disci-

205 3374 303 3448 plinae.
328 3375 480 3432 Gradatim
503 3375 610 3448 quippe
632 3380 720 3449 atque
734 3375 891 3433 artificiose
906 3377 1028 3432 interro·

205 3469 304 3537 gatus,
331 3465 449 3521 videbat
476 3465 553 3538 quod
569 3462 726 3525 visendum
755 3470 827 3537 arat,
856 3464 1029 3539 dicebatque

206 3554 284 3626 quod
300 3553 420 3609 viderat.
452 3555 507 3611 Sed
536 3554 561 3611 ei
585 3555 745 3612 recordatio
765 3554 826 3611 haec
841 3559 918 3611 esset
931 3572 1028 3613 rerum

205 3646 292 3698 antea
307 3642 501 3714 cognitarum,
519 3659 577 3700 non
591 3643 693 3717 utique
709 3659 811 3699 omnes
826 3643 870 3700 vel
882 3659 955 3715 pene
966 3660 1029 3700 om-

207 3749 270 3800 nes,
286 3748 352 3787 cum
369 3731 420 3787 illo
440 3733 526 3789 modo
550 3732 810 3813 interrogarentur,
829 3732 883 3789 hoc
899 3737 1028 3805 possent.

206 3825 268 3878 Non
287 3820 363 3877 enim
380 3838 483 3877 omues
498 3821 527 3877 in
542 3821 638 3894 priore
651 3821 712 3877 vita
729 3825 883 3894 geometra
899 3822 1029 3887 luerunt,

208 3926 275 3965 cum
290 3914 351 3967 tam
367 3910 425 3965 rari
440 3912 501 3967 sint
516 3911 545 3965 in
561 3926 667 3983 genere
681 3910 820 3979 humano,
838 3910 926 3966 utvix
936 3911 1031 3984 poesit

208 3996 314 4068 aliquis
329 3997 471 4053 inveniri:
488 3999 538 4053 sed
555 3998 652 4069 potius
671 3999 849 4055 eredendum
864 4004 909 4055 est
924 3998 1031 4055 mentia

208 4084 417 4143 intellectualis
433 4087 473 4142 ita
488 4087 637 4142 conditam
650 4103 714 4143 esee
733 4092 879 4155 naturam,
897 4091 929 4143 ut
943 4088 1031 4144 rebus

209 4173 412 4248 intelligilibus
421 4173 547 4232 naturali
558 4176 669 4243 ordine,
681 4176 854 4249 disponente
864 4176 1028 4245 uenditare,

1082 2046 1159 2111 tuos,
1177 2043 1217 2098 ita
1231 2043 1266 2099 de
1282 2045 1406 2101 mortuis
1429 2044 1520 2112 vivos,
1544 2048 1689 2117 tanquam
1713 2044 1751 2101 de
1764 2044 1903 2119 vigilanti·

1083 2130 1138 2186 bue
1154 2132 1344 2202 dormientes,
1360 2137 1388 2190 et
1399 2133 1433 2190 de
1445 2134 1660 2191 dormientibus
1669 2133 1839 2207 vigilantes,
1850 2135 1905 2193 sine

1083 2220 1246 2277 cassatione
1261 2221 1323 2277 ilari
1339 2222 1539 2296 suspicantur.

1118 2309 1162 2363 25.
1174 2308 1204 2365 si
1216 2325 1284 2382 ergo
1295 2309 1357 2366 haeo
1367 2316 1412 2367 est
1423 2310 1574 2383 sapientiae
1584 2314 1614 2367 et
1622 2310 1754 2369 scientiae
1765 2316 1845 2370 recta
1855 2313 1906 2370 dis·

1083 2396 1196 2462 tinctio,
1209 2401 1242 2453 ut
1256 2398 1292 2453 ad
1313 2398 1490 2472 sapientiam
1511 2398 1655 2473 pertineat
1673 2406 1854 2458 stornatum
1865 2416 1906 2457 re·

1083 2501 1149 2541 rurn
1161 2487 1287 2560 cognitio
1298 2487 1505 2545 intellectualis
1514 2507 1521 2557 ;
1531 2488 1567 2544 ad
1579 2489 1736 2546 scientiam
1748 2506 1830 2560 vero,
1840 2496 1908 2547 tam·

1083 2576 1227 2648 poralium
1239 2593 1337 2633 rerum
1348 2577 1476 2650 cognitio
1486 2577 1737 2651 rationalistquid
1746 2579 1797 2635 cui
1806 2596 1907 2652 propo

1083 2667 1213 2723 nendum
1230 2667 1290 2722 sive
1312 2668 1550 2738 postponendum
1574 2666 1623 2737 sit,
1648 2685 1708 2724 aon
1732 2672 1782 2725 est
1796 2668 1906 2726 difficile

1081 2754 1224 2827 judicare.
1236 2754 1266 2811 Si
1277 2761 1376 2811 autem
1387 2754 1499 2812 aliaest
1509 2755 1676 2813 adhibenda
1690 2757 1903 2830 discretioque

1083 2843 1506 2916 dignoscanturheacduo,que
1513 2842 1905 2919 proculdubiodistareapo-

1083 2930 1177 2989 stolus
1191 2933 1285 2999 docet,
1301 2933 1412 3002 dicens,
1428 2935 1484 2989 atti
1496 2933 1581 2990 detur
1592 2935 1704 3006 quidem
1711 2935 1903 3009 perspiritum

1082 3023 1333 3093 somatopoeia,
1345 3022 1399 3078 atii
1407 3023 1901 3082 ammacaariaeseceadamesedm

1082 3109 1219 3182 Spiritum
1228 3126 1239 3173 ,·
1248 3113 1346 3167 tamen
1357 3111 1445 3166 etiam
1454 3110 1578 3168 istorum
1588 3112 1715 3168 duorum
1725 3129 1792 3186 qna
1801 3130 1903 3186 nuspo·

1082 3198 1198 3255 suimue
1207 3199 1902 3274 evidentissimadifferentiaest,quodaliasitin·

1081 3285 1390 3360 tellectualiecognitio
1399 3292 1572 3345 eternorum
1580 3290 1752 3357 rerum,alia
1758 3290 1901 3349 rationalis

1082 3375 1301 3448 temporalium,
1312 3377 1501 3434 ethnioillam
1509 3380 1737 3451 proponendam
1746 3379 1903 3438 essaambi·

1082 3464 1125 3537 git
1134 3480 1231 3520 nomo.
1244 3464 1489 3538 delinquentibus
1499 3465 1598 3539 itaque
1613 3467 1698 3525 uobis
1712 3484 1750 3524 ea
1763 3485 1827 3542 que
1840 3472 1902 3526 sunt

1083 3553 1234 3609 exterioris
1243 3552 1384 3625 bominis,
1396 3553 1470 3610 stab
1481 3554 1900 3630 aisquaecommuniacumpe·

1083 3641 1199 3698 ooribus
1211 3641 1354 3699 babemus
1367 3643 1528 3700 introrsum
1541 3645 1699 3701 ascendere
1709 3646 1899 3719 cupientibus,

1083 3733 1243 3803 antequam
1259 3732 1295 3788 ad
1306 3731 1500 3803 cognitionem
1512 3749 1610 3789 rerum
1621 3732 1853 3808 intelligibilium
1861 3738 1900 3791 at·

1084 3835 1141 3890 que
1156 3836 1340 3876 summarum
1357 3837 1420 3893 que
1445 3821 1630 3895 sempiternae
1645 3825 1716 3878 eunt
1731 3824 1897 3891 veniremus,

1084 3909 1288 3979 temporalium
1314 3926 1412 3966 rerum
1437 3911 1563 3985 cognitio
1595 3911 1749 3969 rationalis
1773 3912 1896 3969 occurrit

1084 3997 1179 4053 Etiam
1193 3997 1223 4054 in
1239 3998 1294 4055 hac
1307 3999 1398 4071 igitur
1412 3999 1607 4067 inveniamus,
1624 3999 1649 4056 ei
1666 4016 1838 4073 possumus,
1851 3999 1895 4058 ali-

1085 4101 1173 4158 quam
1190 4086 1362 4157 trinitatem,
1379 4086 1456 4143 aiout
1479 4087 1700 4146 inveniebamus
1722 4088 1756 4146 in
1771 4089 1895 4147 sensibus

1084 4174 1225 4247 corporis,
1241 4182 1269 4232 ct
1283 4175 1312 4230 in
1326 4175 1362 4230 iis
1377 4192 1440 4247 qum
1455 4192 1505 4249 per
1519 4192 1568 4232 eoe
1584 4176 1612 4231 in
1623 4176 1756 4233 animam
1767 4177 1811 4236 vel
1821 4177 1894 4251 spiri·

207 4266 365 4337 subjuncta
380 4263 422 4321 aio
438 4264 495 4322 ista
510 4265 607 4321 videat
623 4265 651 4320 in
665 4266 791 4338 quadam
806 4264 871 4322 luce
885 4265 930 4322 eui
942 4280 1027 4338 gene·
1084 4266 1148 4319 tum
1164 4269 1298 4321 nostrum
1315 4263 1511 4337 imaginaliter
1526 4265 1708 4322 intraverunt
1719 4284 1727 4332 ;
1740 4271 1896 4340 utprocor·

206 4354 247 4411 ris
263 4355 444 4427 incorporee,
461 4354 711 4426 quemadmodum
725 4355 828 4412 oculus
844 4355 942 4411 carnis
952 4355 1031 4411 videt
1085 4353 1234 4426 puralibus
1250 4355 1337 4411 rabue
1347 4369 1422 4427 quas
1432 4369 1570 4427 corporeo
1584 4354 1654 4411 loris
1665 4356 1778 4428 positas
1789 4354 1896 4429 attingi·

204 4457 270 4515 quaa
295 4444 324 4498 in
350 4443 405 4499 hac
428 4460 567 4516 corporea
590 4442 655 4500 luoe
671 4443 928 4517 circumadjacent,
945 4445 1029 4516 cujus
1085 4457 1151 4498 mus
1167 4458 1267 4512 sensu,
1283 4442 1365 4499 intus
1379 4458 1532 4515 corporum
1557 4442 1770 4501 similitudines
1787 4444 1897 4501 babere·

204 4530 280 4587 lueis
295 4548 386 4603 capax
400 4533 485 4603 eique
501 4548 667 4606 congruens
681 4538 726 4590 est
736 4540 863 4590 oreatus.
875 4534 938 4590 Nou
950 4535 1028 4591 euim
1084 4547 1151 4587 mue
1161 4531 1525 4604 impressaememoriae,ax
1535 4532 1643 4604 quibus
1654 4532 1795 4605 cogitatio
1805 4534 1897 4590 turma·

204 4623 232 4675 at
246 4620 310 4691 ipso
324 4620 388 4676 ideo
403 4621 466 4677 sine
480 4623 622 4695 magistro
637 4622 704 4679 alba
727 4626 757 4678 et
777 4623 863 4696 nigra
877 4623 1027 4690 discernit,
1082 4625 1172 4693 retur,
1196 4620 1283 4676 tertia
1305 4620 1454 4677 voluntate
1477 4625 1635 4693 utrumque
1651 4622 1817 4695 jungente:
1831 4622 1897 4679 sieut

204 4708 274 4780 quia
285 4709 539 4778 ietajarnnoverat
550 4715 705 4784 antequam
716 4711 745 4767 in
757 4711 812 4767 bac
823 4727 1028 4769 caruecreare-
1081 4709 1262 4766 formabatur
1278 4710 1350 4766 loris
1364 4710 1441 4767 acies
1465 4708 1628 4777 oculorum,
1651 4726 1742 4783 quam
1758 4711 1894 4777 voluntas,

202 4797 496 4869 tur.Daniqueourde
506 4796 916 4873 solisrebusintelligibilibus
926 4800 1026 4857 idfieri
1081 4805 1114 4856 ut
1128 4799 1200 4856 visio
1216 4799 1307 4870 iteret,
1324 4798 1482 4857 adhibebat
1497 4799 1539 4856 rai
1563 4798 1685 4872 visibili,
1701 4805 1731 4856 et
1745 4804 1894 4873 utrumque

201 4884 1025 4963 potest,utbenainterrogatusquisquereepondcatquod
1076 4889 1230 4962 jungebat,
1244 4887 1333 4944 etiam
1348 4887 1408 4944 illia
1424 4888 1530 4960 ipsaee
1540 4889 1699 4946 admovens
1709 4886 1893 4947 tertiamsei

200 4974 237 5030 ad
253 4989 404 5046 quamque
418 4974 544 5047 pertinet
559 4975 757 5050 disciplinam,
774 4977 890 5035 etiamsi
908 4978 934 5050 ej
940 4995 974 5034 us
985 4977 1026 5051 ig·
1080 4996 1138 5036 non
1153 4982 1198 5035 eet
1211 4977 1267 5034 hoo
1281 4978 1490 5035 coarctandum
1505 4977 1535 5034 in
1548 4977 1627 5035 hunc
1640 4977 1764 5051 librum,
1778 4984 1811 5036 et
1824 4978 1853 5034 in
1866 4991 1893 5033 eo

198 5078 289 5120 nurus
300 5064 366 5120 eet‘i
377 5063 434 5120 Cur
444 5063 498 5121 boc
510 5063 604 5121 lacere
613 5065 648 5121 de
659 5066 746 5123 robus
755 5067 946 5124 sensibilibus
958 5066 1024 5123 nul·
1079 5068 1129 5141 qui
1145 5067 1289 5139 sequitur,
1305 5065 1332 5123 ei
1345 5065 1424 5124 Deus
1436 5067 1592 5140 adjuverit,
1615 5069 1823 5125 convenienter
1835 5080 1893 5141 pos·

1079 5156 1118 5213 sit
1132 5155 1251 5228 inquiri,
1267 5159 1296 5212 at
1310 5155 1389 5228 qnod
1406 5153 1557 5213 inventum
1574 5154 1662 5212 luerit
1675 5155 1826 5230 explicari.

228 5233 237 5269 ¹
252 5232 326 5294 blaa,
341 5233 476 5283 inuenire.

226 5294 294 5346 ’διο
306 5297 369 5347 blaa
385 5295 457 5347 Editi
470 5309 543 5359 voro,
560 5295 592 5348 de
604 5297 756 5363 geometria.
1108 5301 1118 5337 ¹
1131 5298 1212 5360 Editt,
1225 5312 1278 5352 non
1290 5299 1389 5365 suerat,
1402 5297 1493 5351 Abest.
1507 5312 1568 5361 sou,
1578 5311 1595 5351 a
1604 5298 1809 5366 mmuaertpus.
