3908 6128
91 341 152 403 tta
761 336 1000 402 sterilitato
1023 336 1159 399 Petite.
1744 338 1803 405 itt

127 473 155 529 i.
169 470 357 529 suanenses
368 468 440 529 dixit
453 470 596 545 :ligojam
605 486 732 528 errorem
743 473 921 543 puto‚quam
977 468 1150 527 orationem.
1166 472 1272 526 Praeter
1286 469 1341 528 boc
1356 469 1385 527 in
1401 468 1453 528 iiis
1467 469 1598 529 oratioue
1616 475 1714 530 vestra
1729 472 1793 530 nihi

89 564 178 619 antea
191 559 345 617 veritatem
360 560 519 634 putabam:
536 564 636 617 utrum
652 565 729 617 recto
744 560 920 628 existimem,
977 559 1043 616 novi
1058 560 1196 631 comperi.
1215 558 1354 632 Quisquis
1370 564 1469 617 eutem
1481 559 1563 617 vobis
1583 561 1703 635 opponit
1721 579 1803 636 que-

89 654 153 707 ate
166 655 311 723 presente
331 650 434 706 audire
452 648 539 722 cupio
550 649 569 706 ¹.
592 651 623 705 Iu
648 648 751 723 primis
768 665 919 706 summum
975 647 1098 705 ctionem
1112 648 1241 722 aliquam
1257 649 1293 705 de
1304 649 1448 715 moribus,
1472 648 1576 707 illectis
1590 650 1695 707 vestris
1710 668 1801 727 oppo-

89 754 222 796 errorem
248 743 331 813 puto,
348 739 580 812 omnipotentem
602 738 706 806 Deum,
733 739 763 794 in
788 754 845 812 quo
860 754 920 795 une
975 737 1048 793 nit¹.
1064 738 1139 806 Quid
1155 742 1253 795 sutem
1271 738 1411 794 intervos
1426 739 1529 811 egetis,
1546 739 1597 812 qui
1612 740 1701 797 illecti
1717 742 1800 814 estis,

89 828 175 885 nobis
191 843 260 901 spes
274 831 329 897 est,
345 827 489 900 exaliqua
504 831 584 901 parte
594 826 832 895 violabilem,aut
842 828 920 884 coin·
973 842 1026 899 ego
1041 827 1116 883 scire
1128 842 1185 883 uon
1199 842 1331 901 possum.
1343 826 1416 882 Nem
1431 831 1460 883 et
1474 827 1689 884 Eucharistlam
1701 829 1800 888 audivi

87 915 341 991 quiuabilem,aut
355 915 574 989 corruptibilem
585 917 712 973 credere.
724 918 917 975 iloovcstram
973 915 1088 972 svobis
1103 932 1179 989 sepe
1194 916 1270 988 quod
1285 914 1451 987 accipiatis:
1474 920 1591 987 tempus
1606 921 1704 973 autem
1720 919 1798 975 acci·

87 1005 226 1062 baeresim
241 1005 390 1062 offirmare
400 1006 479 1076 soio;
497 1022 555 1062 non
570 1005 689 1078 quidem
700 1005 796 1062 verbis
808 1006 917 1079 quibus
971 1003 1070 1076 piendi
1086 1021 1153 1060 oum
1170 1021 1216 1060 me
1228 1001 1342 1072 lateret,
1358 1004 1429 1077 quid
1446 1004 1607 1077 uscipiatis,
1623 1006 1701 1062 unde
1711 1023 1798 1064 nosse

84 1111 165 1151 nunc
176 1111 252 1152 usus
267 1112 333 1152 sum
345 1110 352 1152 :
366 1112 435 1152 nam
450 1099 479 1152 et
492 1112 544 1152 vos
558 1096 726 1169 interrogati
736 1095 916 1153 confitemini
971 1093 1073 1166 potui‘i
1088 1093 1190 1166 Itaque
1201 1109 1293 1164 serva,
1305 1093 1329 1148 si
1344 1092 1449 1165 placet,
1460 1093 1650 1167 questionem
1666 1096 1702 1151 de
1712 1095 1798 1153 mori·

83 1180 177 1238 Deum
194 1197 262 1239 esse
278 1181 530 1255 incorruptibilem
541 1186 570 1238 et
583 1183 703 1240 omnino
718 1181 915 1240 inviolabilem
970 1181 1037 1251 bus,
1055 1187 1087 1238 ut
1102 1182 1178 1239 inter
1193 1182 1305 1239 illemos
1320 1186 1432 1239 vestroe
1448 1182 1631 1252 discutiatur,
1648 1183 1673 1239 si
1688 1185 1795 1242 discuti

82 1274 111 1326 et
125 1270 428 1343 incoinquinabilem:
444 1272 494 1328 sed
510 1287 577 1327 cum
588 1271 734 1344 ceperitis
748 1275 852 1328 catera
866 1287 913 1329 ex·
969 1275 1074 1343 potest.
1091 1272 1161 1327 Mihi
1176 1272 1248 1328 fides
1260 1272 1329 1328 deta
1343 1276 1389 1328 est
1401 1289 1418 1328 a
1431 1271 1523 1340 vobis,
1535 1287 1626 1345 quam
1640 1272 1727 1330 bodie
1738 1275 1794 1331 im·

80 1376 206 1434 ponere,
223 1359 362 1433 cogimini
376 1374 445 1417 eum
453 1360 912 1434 corruptibilem,penetrabilem,
969 1362 1069 1433 probo.
1079 1361 1120 1418 De
1132 1360 1358 1435 ipeaproposui:
1368 1362 1402 1418 ad
1415 1360 1596 1435 propositum
1609 1377 1709 1419 meum
1719 1363 1795 1420 mihi

79 1448 913 1523 etcoinquinabilemprofiteriDicitiseuimaliamnescio
967 1451 1188 1523 respondeatur.

79 1554 172 1611 qoam
187 1541 309 1613 gentem
324 1538 660 1596 tenebrarumadversue
671 1539 721 1597 Dei
732 1555 856 1613 regnum
867 1555 912 1595 re·
1002 1539 1087 1595 Fons.
1117 1540 1207 1596 dixit:
1224 1544 1259 1596 ut
1278 1544 1379 1596 nostra
1402 1540 1545 1614 professio
1563 1540 1628 1614 ipsa
1642 1544 1697 1610 cet,
1714 1541 1790 1615 quod

78 1627 228 1686 bellasse:
245 1628 339 1685 Deum
355 1632 451 1684 autem
463 1627 705 1701 omnipotentem,
717 1645 784 1685 cum
800 1629 912 1685 videret
965 1626 1195 1702 incorruptibilis
1204 1630 1242 1686 sit
1250 1634 1337 1699 Deus,
1353 1631 1430 1702 quod
1442 1629 1567 1698 lucidus,
1577 1631 1653 1703 quod
1665 1631 1792 1689 inadibi-

78 1721 193 1791 quanta
210 1716 294 1775 labes
308 1722 338 1774 et
350 1716 755 1790 vastitasimmineretrognis
770 1718 844 1790 suis,
853 1717 911 1775 nisi
964 1715 1403 1793 lis,intenibilis,impassibilis,
1416 1719 1494 1793 quod
1508 1723 1645 1776 aternam
1658 1719 1753 1777 lucem
1763 1726 1793 1778 et

75 1806 217 1880 aliquid²
239 1805 367 1863 eduense
387 1805 465 1878 genti
481 1811 650 1880 opponeret,
666 1812 695 1864 et
709 1807 735 1865 ei
751 1808 909 1877 resisteret,
963 1807 1298 1881 propriaminhabitst¹:
1315 1807 1588 1882 quodnibilaxsase
1601 1809 1791 1883 corruptibile

75 1895 200 1952 misisse
216 1894 292 1952 bano
306 1894 455 1963 dentem,
471 1896 507 1952 de
520 1895 605 1967 cujus
620 1896 826 1954 commixtione
841 1913 908 1954 cum
964 1896 1099 1969 proferat,
1116 1914 1169 1953 nec
1184 1898 1329 1967 tenebras,
1339 1914 1392 1954 nec
1407 1899 1563 1966 demones,
1575 1915 1628 1956 nec
1643 1903 1791 1970 satanam,
1894 1900 1897 1905 '

20 2050 29 2063 Ι
75 1982 157 2041 melo
171 1984 402 2042 ettenebrarum
420 1988 507 2059 geute
528 1986 659 2042 mundus
684 1987 723 2044 sit
738 1986 907 2046 fabricatus.

73 2072 150 2131 ilinc
165 2089 236 2131 esse
251 2072 329 2147 quod
341 2072 500 2131 biosnime
515 2074 598 2132 bone
609 2074 754 2147 laborent,
765 2077 907 2150 serviunt,

74 2166 187 2231 errant,
206 2167 455 2236 corrumpuntur:
480 2168 513 2219 ut
535 2165 734 2221 necessarium
749 2164 909 2223 habereut⁸

74 2250 280 2319 liberatorem,
295 2251 347 2324 qui
362 2268 412 2309 eas
423 2253 459 2309 ab
474 2268 571 2309 errore
586 2257 735 2326 purgaret,
751 2258 780 2311 et
794 2271 811 2311 e
824 2269 907 2311 com·

73 2339 222 2398 mixtione
234 2339 371 2409 solveret,
386 2344 416 2397 et
429 2358 447 2397 a
461 2341 599 2399 servitute
614 2334 761 2399 liberaret.
779 2343 839 2400 Hoc
852 2360 906 2418 ego

74 2430 159 2487 nefas
174 2432 251 2503 puto
266 2431 396 2497 credere,
413 2429 505 2487 Deum
524 2431 755 2505 omnipotentem
776 2430 905 2506 aliquam

73 2519 233 2576 adversm
250 2522 367 2593 gentem
382 2518 530 2586 timuisse,
546 2526 597 2577 aut
622 2522 825 2579 necessitatem
841 2538 906 2581 esee

74 2622 213 2683 passum
229 2613 264 2665 ut
277 2625 332 2665 nos
345 2607 376 2664 iu
391 2624 538 2666 erumnas
553 2609 755 2683 precipitaret.

107 2697 310 2755 Fonroxarus
322 2697 410 2755 dixit:
434 2697 508 2764 Quis
528 2702 558 2755 te
582 2700 713 2757 medium
738 2700 829 2759 fuisse
853 2719 905 2758 no·

72 2788 171 2843 strum
187 2786 262 2854 scio,
277 2786 307 2843 id
322 2791 375 2852 eet,
392 2787 470 2844 inter
481 2788 656 2846 ifsnichaeos
669 2788 903 2861 administrasse,

70 2874 134 2933 ista
148 2879 224 2933 sunt
236 2874 409 2950 principalia
419 2876 487 2933 fidei
498 2883 614 2934 nostre.
630 2878 671 2935 us
685 2881 905 2938 couversatione

71 2962 122 3021 bic
138 2964 251 3039 agitur,
269 2965 428 3038 dequibus
449 2965 532 3023 falsis
547 2966 722 3024 criminibus
738 2967 902 3041 pulsamur.

70 3054 113 3111 bx
129 3058 161 3111 te
176 3070 248 3128 ergo
263 3058 423 3128 presentes
437 3056 560 3113 audiant
573 3056 642 3113 boui
652 3056 718 3129 viri,
730 3063 829 3114 utrum
845 3059 905 3116 sint

70 3142 904 3219 serasuperquibuscriminamureteppetimur,ensint

70 3232 158 3289 falsa.
175 3231 292 3289 Etenim
307 3248 342 3290 ex
354 3236 406 3289 tue
420 3234 562 3305 doctrina,
574 3238 602 3290 et
611 3251 645 3292 ex
659 3238 712 3292 tus
725 3237 902 3308 expositione

70 3326 100 3377 et
113 3319 288 3379 ostensione
302 3322 544 3393 poteruntverius
555 3323 629 3382 scire
644 3330 774 3382 nostram
784 3342 903 3384 conver-

72 3409 233 3479 sationem,
259 3409 284 3466 si
308 3427 326 3466 a
346 3414 375 3466 te
399 3410 488 3468 fuerit
511 3411 636 3485 prodita.
662 3414 822 3471 iuterfuisti
839 3432 902 3473 ora-

71 3498 159 3555 iloni.

104 3589 136 3643 2.
150 3588 229 3645 Auo.
246 3586 332 3644 dixit:
358 3588 491 3646 Interfui.
515 3590 571 3647 Sed
595 3591 653 3648 alia
667 3591 790 3665 questio
803 3596 848 3650 est
867 3594 903 3651 de

69 3676 143 3745 fide,
157 3674 219 3733 alia
233 3676 269 3732 ds
283 3677 416 3735 moribus
427 3693 435 3734 :
445 3694 499 3752 ego
515 3678 550 3735 de
565 3679 621 3736 iide
636 3681 785 3754 proposui.
806 3682 861 3739 Sed
877 3679 902 3739 si

69 3766 114 3823 iili
123 3764 177 3839 qui
185 3766 307 3839 adsunt,
316 3765 430 3825 meunt
443 3767 544 3825 audire
557 3768 593 3826 de
602 3769 743 3842 moribus,
753 3786 806 3827 neo
814 3770 902 3830 istam

69 3855 267 3929 questionem
282 3854 410 3931 defugio.

105 3944 195 4002 Foxr.
212 3943 302 4000 dixit:
319 3945 447 4019 Purgere
467 3962 515 4003 me
529 3945 611 4020 prius
634 3946 698 4005 volo
719 3964 809 4021 penes
833 3966 901 4006 oon-

69 4032 229 4091 scientiam
253 4037 392 4102 vestram,
412 4051 502 4108 penes
525 4036 635 4109 qusm‘
664 4036 836 4111 polluimur,
867 4055 903 4095 ex

68 4121 169 4179 idonei
191 4120 249 4178 viri
263 4121 442 4192 testimonio,
467 4123 517 4197 qui
533 4124 606 4182 mibi
627 4129 656 4182 et
677 4142 755 4183 nuno
779 4126 902 4185 idoneus

69 4215 127 4279 est,
143 4215 174 4267 θῖ
189 4210 221 4266 in
237 4210 336 4268 futura
345 4211 420 4283 justi
430 4213 543 4286 judicis
555 4212 663 4271 Christi
676 4214 901 4287 examinatione,

70 4297 96 4356 si
110 4316 148 4356 es
161 4314 229 4373 que
240 4300 389 4371 jactantur
410 4301 483 4358 uidit
496 4301 527 4358 in
549 4303 644 4374 nobis,
668 4303 710 4361 rel
726 4309 902 4362 consecutus

69 4392 123 4445 est.

104 4473 135 4531 3.
152 4476 229 4532 Aue.
246 4474 332 4532 dixit:
348 4475 391 4532 Ad
406 4474 486 4533 aliud
508 4494 604 4545 vocas,
628 4494 695 4536 cum
718 4495 771 4552 ego
785 4481 821 4538 de
845 4481 902 4545 fido

69 4562 293 4639 proposuerim.
309 4564 350 4620 De
364 4565 496 4622 moribus
511 4569 723 4624 autemvestris
735 4569 817 4640 piene
828 4572 903 4628 scire

70 4656 200 4725 possum
213 4651 265 4724 qui
275 4650 364 4709 illecti
377 4653 466 4710 vestri
475 4658 552 4712 sunt.
564 4654 662 4713 Nostis
675 4661 772 4714 autem
786 4674 832 4714 me
843 4675 901 4714 non

68 4738 367 4811 assumseram,
398 4743 447 4799 sed
472 4744 641 4802 Auditorem
665 4746 767 4803 fuisse.
792 4748 901 4820 ltaque,

70 4826 211 4902 quamvis
226 4832 254 4885 st
267 4829 392 4887 orationi
409 4835 512 4888 vestre
528 4833 722 4902 interfuerim,
734 4841 766 4892 ut
778 4836 902 4893 interro·

70 4914 169 4991 gasti:
181 4919 282 4975 utrum
298 4920 455 4993 seperatim
468 4921 619 4978 vobiscum
630 4922 764 4981 habeatis
773 4924 901 4998 aliquam

70 5004 251 5075 ontionem,
274 5012 350 5065 Deus
372 5007 456 5069 solus
479 5015 576 5083 potest
604 5028 701 5081 nosse,
726 5017 827 5071 sivos.
842 5016 902 5088 Ego

71 5096 175 5152 tamen
188 5092 222 5151 iu
235 5095 366 5153 oratione
380 5098 410 5153 in
425 5114 483 5170 qus
501 5099 629 5169 interfui,
650 5101 723 5159 nihil
738 5106 823 5176 turpe
840 5105 902 5160 fleri

71 5182 152 5241 ridi:
173 5183 227 5240 sed
250 5183 348 5243 solum
370 5191 471 5244 contre
485 5188 574 5245 fidem
594 5190 799 5260 animadverti,
813 5208 902 5267 quam

71 5278 176 5347 postea
189 5270 281 5331 didici
295 5278 325 5333 et
337 5275 468 5349 probavi,
489 5278 568 5350 quod
583 5282 686 5337 contra
700 5280 792 5338 solem
807 5281 903 5341 facitis

106 5378 205 5451 filiast,
218 5378 399 5445 Μίνειψίθ,
408 5381 643 5435 Vaticanuscodax
651 5385 724 5437 addit
728 5400 904 5462 :recensurus

74 5440 244 5563 aindoma
257 5456 371 5494 errorem
383 5456 518 5508 reposera
535 5448 693 5501 inermum
704 5449 789 5500 dimi:
805 5451 836 5500 fn
849 5466 904 5515 prs·

108 5566 278 5619 ’vaomar
290 5566 385 5628 codex,
398 5570 487 5635 repnte
498 5572 559 5631 seir,
574 5574 605 5621 ot
618 5571 727 5639 aliquid,
743 5576 792 5625 etc.

109 5628 209 5681 ’idem
220 5627 314 5690 codex,
327 5634 355 5682 st
366 5633 537 5684 smmum
550 5634 655 5686 babent.

107 5690 428 5761 'mmmmm-

962 2001 1015 2042 neo
1030 1983 1141 2059 aliquid
1158 1987 1313 2044 adversum
1328 1986 1359 2043 in
1368 2003 1457 2059 reguo
1471 1988 1536 2060 ejus
1550 1987 1670 2061 reperiri
1679 1987 1788 2061 possit.

961 2073 1011 2129 Sui
1028 2077 1126 2130 sutem
1143 2073 1270 2132 similem
1285 2075 1467 2133 Salvatorem
1482 2075 1635 2133 direxisse:
1660 2076 1790 2133 Verbum

961 2164 1418 2221 natumaconstitutionemundi
1428 2181 1497 2221 oum
1513 2165 1659 2222 mundum
1668 2165 1793 2223 fabrica-

960 2252 1031 2319 τοῖ’,
1049 2256 1115 2325 post
1129 2254 1233 2309 mundi
1254 2254 1395 2311 fabricem
1411 2253 1489 2311 inter
1507 2254 1640 2312 homiues
1654 2255 1770 2313 venisse

960 2339 1065 2414 dignas
1077 2340 1132 2397 eibi
1148 2342 1262 2400 animas
1277 2342 1419 2416 elegisse*
1434 2352 1540 2400 sancte
1555 2360 1615 2400 sue
1629 2342 1785 2412 voluntati,

959 2429 1175 2487 mendatissuis
1183 2431 1352 2489 coelestibus
1362 2432 1665 2502 sanctificatas‚iidesc
1673 2432 1786 2490 ratione

959 2516 1784 2593 imbutssctelostiumrerum;ipsoductorehinciterum⁸

957 2607 1076 2664 easdem
1091 2608 1205 2665 animas
1220 2609 1256 2665 sd
1272 2625 1395 2683 reguum
1411 2610 1460 2666 Dei
1475 2626 1641 2667 reversuras
1656 2626 1730 2677 esse,
1741 2626 1785 2667 se·

957 2697 1088 2753 cundum
1103 2703 1235 2755 sanctam
1248 2699 1343 2773 ipsius
1355 2697 1606 2772 pollicitationem,
1621 2700 1671 2772 qui
1687 2700 1781 2757 dixit:

956 2788 1016 2857 Epo
1029 2802 1090 2842 ssm
1104 2787 1158 2857 uio,
1181 2791 1295 2856 cirritos,
1311 2792 1338 2843 et
1346 2789 1453 2860 jonae:
1477 2791 1515 2858 et,
1541 2789 1628 2845 Nemo
1641 2796 1725 2861 potest
1741 2787 1780 2845 od

956 2875 1071 2931 Patrem
1083 2879 1238 2948 pervenire,
1253 2877 1311 2932 nisi
1318 2892 1367 2948 per
1381 2893 1435 2934 mc.
1451 2877 1502 2934 His
1517 2878 1606 2934 rebus
1621 2894 1675 2934 nos
1690 2878 1785 2935 credi·

957 2979 1035 3031 mus,
1051 2965 1121 3037 quis
1131 2964 1205 3022 alias
1220 2965 1352 3037 animet,
1369 2964 1468 3038 idest,
1490 2965 1547 3024 alio
1562 2965 1709 3024 mediante
1723 2982 1782 3025 non

956 3056 1094 3125 poterunt
1107 3054 1142 3111 ed
1159 3070 1282 3127 regnum
1295 3055 1343 3111 Dei
1359 3054 1474 3127 reverti,
1489 3054 1547 3112 nisi
1561 3053 1661 3128 ipsum
1670 3070 1782 3129 repere·

956 3141 1015 3197 rint
1029 3143 1116 3213 viem,
1132 3144 1295 3213 veritatem,
1320 3148 1349 3199 et
1359 3144 1493 3215 januam.
1509 3144 1574 3216 lpse
1596 3144 1674 3201 enim
1690 3143 1782 3201 dixit:

954 3230 1011 3301 Qui
1023 3247 1067 3287 me
1080 3230 1158 3300 uidit,
1174 3231 1245 3288 sidit
1256 3240 1283 3288 ct
1297 3233 1411 3289 Patrem
1424 3248 1518 3288 mrum
1528 3234 1617 3305 (toan.
1632 3250 1689 3300 xrv,
1698 3233 1727 3300 t,
1737 3232 1782 3305 9);

955 3323 994 3391 et,
1009 3320 1063 3390 Qui
1077 3322 1108 3376 in
1122 3321 1330 3390 merrediderrt,
1339 3329 1518 3379 mortemnoa
1527 3323 1689 3394 portabitis
1702 3330 1783 3380 aetsr-
1846 3321 1849 3327 '

954 3425 1032 3481 nam,
1047 3409 1093 3467 esd
1105 3412 1328 3483 eomitomtccit
1337 3411 1371 3467 dc
1382 3421 1473 3467 morte
1482 3410 1624 3481 advitam,
1636 3420 1662 3467 ct
1671 3412 1783 3483 injudi-

954 3500 1029 3556 cirtm
1042 3514 1099 3555 non
1113 3501 1203 3556 verret
1223 3499 1273 3570 (ld.
1289 3516 1316 3570 v,
1331 3501 1389 3569 24).
1414 3498 1463 3556 ilis
1478 3499 1565 3556 rebus
1580 3499 1738 3569 credimus,
1754 3502 1784 3556 ei

955 3587 1015 3644 bec
1038 3592 1083 3644 est
1107 3589 1181 3645 ratio
1203 3589 1270 3646 fidoi
1292 3594 1410 3657 nostre,
1428 3592 1458 3646 et
1479 3604 1531 3661 pro
1554 3588 1666 3645 viribus
1690 3586 1783 3645 animi

954 3677 1046 3734 nostri
1063 3677 1211 3734 mandatis
1226 3680 1291 3750 ejus
1305 3677 1518 3750 obtemperare,
1534 3693 1622 3733 unam
1633 3677 1722 3734 fldem
1737 3693 1782 3734 se-

954 3769 1067 3822 ctantes
1089 3764 1180 3838 hujus
1195 3765 1360 3837 Trinitatis,
1378 3766 1477 3823 Petris
1492 3770 1522 3823 et
1534 3764 1598 3822 Filii
1612 3769 1641 3822 ei
1655 3765 1783 3839 Spiritus

954 3855 1059 3911 sancti.

989 3942 1016 4000 i.
1033 3944 1104 4001 fua.
1122 3943 1210 4001 dixit:
1227 3944 1285 4001 Hes
1296 3943 1422 4014 animas,
1439 3959 1513 4017 quas
1528 3943 1673 4001 damaris
1689 3942 1725 4000 sd
1740 3942 1781 3999 vi·

953 4035 1014 4088 tam
1025 4047 1078 4104 per
1091 4030 1240 4089 Christum
1256 4032 1354 4090 venire
1368 4031 1513 4102 fatemini,
1528 4048 1592 4105 que
1607 4048 1696 4089 cauea
1709 4048 1782 4104 pre·

954 4119 1085 4194 cipitavit
1096 4121 1126 4177 in
1142 4120 1290 4179 mortem?

989 4209 1077 4265 Fosr.
1094 4208 1180 4268 dixit:
1203 4211 1277 4267 Hinc
1287 4211 1351 4283 jam
1374 4209 1496 4284 dignare
1514 4208 1653 4283 prosequi
1668 4213 1697 4267 et
1711 4224 1782 4267 con·

952 4297 1053 4370 trsire,
1065 4299 1090 4355 si
1109 4286 1182 4357 nibil
1197 4304 1300 4374 preter
1310 4300 1414 4356 Deum.

988 4387 1016 4442 5.
1034 4388 1108 4444 Αυθ.
1135 4387 1221 4447 dixit:
1249 4390 1311 4447 imo
1340 4392 1371 4445 tu
1399 4387 1520 4461 dignare
1549 4389 1723 4460 respondere
1752 4386 1781 4444 id

953 4476 1029 4546 quod
1052 4476 1251 4551 interrogaris,
1275 4476 1330 4534 bas
1351 4475 1465 4533 animas
1492 4492 1557 4548 que
1583 4492 1673 4533 cauea
1694 4475 1783 4533 morti

954 4563 1076 4621 dederit.

989 4652 1077 4711 chr.
1089 4654 1176 4712 dixit:
1189 4655 1251 4711 imo
1264 4659 1295 4712 tu
1308 4654 1429 4727 dignare
1443 4653 1657 4725 dicere‚utrum
1669 4654 1781 4728 aliquid

954 4739 994 4797 sit
1008 4745 1112 4814 preter
1127 4747 1229 4814 Deum,
1245 4759 1282 4799 an
1298 4742 1396 4799 omnis
1411 4742 1440 4798 in
1455 4741 1513 4799 Deo
1523 4743 1592 4799 sint.

988 4830 1015 4886 6.
1032 4834 1107 4886 Auo.
1120 4830 1208 4887 dixit:
1222 4831 1296 4888 lliud
1305 4847 1358 4905 ego
1370 4831 1546 4904 respondere
1561 4847 1693 4904 possum,
1702 4831 1779 4904 quod

984 4952 1092 5077 :3¹32
1104 4954 1521 5091 {isinffssbffr‘lw'ffiorss'rlsi
1535 4953 1780 5077 ue'f‘impestos,

952 5079 1179 5191 etmothscem
1201 5078 1336 5131 sabaduet.
1381 5079 1444 5145 ugd.
1459 5081 1526 5133 Vsu.
1554 5082 1616 5131 tor.
1638 5078 1723 5129 menti
1736 5092 1780 5129 su·

953 5153 1040 5252 misia
1055 5178 1183 5255 Vaticano
1197 5204 1299 5267 codice,
1320 5203 1490 5268 sciscerent.

984 5266 996 5375 ἲ
1011 5265 1154 5317 Vaticanus
1168 5267 1261 5327 codex,
1272 5267 1373 5318 coimus
1380 5265 1525 5332 excepere.
1535 5264 1567 5315 Et
1576 5262 1654 5323 inira,
1666 5262 1723 5330 r'pso
1733 5264 1779 5313 cto·

953 5340 1047 5440 rouoffi.
1056 5390 1129 5452 lise,
1144 5404 1174 5440 or
1186 5392 1288 5443 ratione
1301 5390 1414 5442 imbutos
1426 5388 1563 5441 cobrium
1572 5402 1659 5439 mom
1673 5387 1727 5453 ipse
1735 5386 1781 5437 do-

952 5452 1075 5513 minator,
1085 5455 1110 5503 et
1124 5452 1184 5504 irinc
1196 5454 1298 5515 iterum,
1313 5458 1354 5503 eto

985 5516 1005 5564 ⁸.
1020 5516 1099 5575 Edttt,
1110 5515 1168 5565 ctis
1181 5521 1241 5566 eunt
1255 5517 1356 5567 enims.
1367 5512 1779 5565 Emendsntorbicexllatlcsuo

953 5577 1054 5627 codice.
1070 5578 1163 5629 Postea
1178 5579 1356 5629 Lovsuienees
1362 5592 1429 5691 pro,
1444 5574 1497 5628 olio
1511 5577 1648 5635 rossilionis,
1663 5574 1716 5639 legi
1730 5588 1777 5625 ru-

953 5638 1070 5754 fflsmm’
1085 5640 1138 5692 otio
1153 5641 1230 5691 modo
1245 5644 1312 5691 orate.
1328 5641 1361 5692 Sc
1398 5641 1567 5692 reluctantur
1587 5638 1672 5691 nostri
1686 5651 1780 5689 omues
