3908 6128
200 300 241 360 43
744 292 796 354 bl}
818 290 1064 365 HAERESIBUS,
1086 292 1120 353 S.
1141 291 1357 355 Aucusulhl
1865 293 1904 350 tl

238 430 328 487 LlllX.
346 429 503 485 barmim
513 425 557 482 vel
568 426 725 483 Donatistae
739 431 818 493 sunt,
832 426 881 498 qui
894 426 1022 498 primum
1037 425 1065 492 Α
1081 425 1155 481 eiam
1169 425 1397 497 baptizaverant,
1416 425 1446 480 in
1462 424 1524 480 suis
1542 423 1705 480 honoribus
1720 422 1784 479 sine
1800 421 1861 479 ulla
1875 423 1906 478 in

202 521 319 592 propter
330 518 495 574 ordinatum
508 513 891 571 contrasuamvoluntatem
899 512 1025 570 Caecilia·
1079 531 1229 587 quoquam
1246 514 1417 587 repetitione
1438 513 1629 586 baptismatis
1655 516 1836 585 receperunt,
1854 529 1908 568 nec

201 603 411 663 numlioclesie
417 602 657 677 Carthaginensis
665 603 836 676 episcopum
848 603 979 660 schisma
985 602 1025 657 lc·
1081 619 1130 659 eos
1141 607 1175 659 ut
1184 604 1364 677 corrigerent
1374 620 1426 676 per
1435 601 1569 676 publicas
1580 606 1739 675 potestates
1750 618 1835 674 agere
1846 602 1910 657 des·

202 690 521 762 corunt:cbjicientssei
531 690 1026 764 criminanonprobata‚etmaxime
1081 691 1215 764 litarent,
1231 709 1283 749 nso
1296 709 1397 750 sorum
1408 691 1581 749 criminibus
1593 707 1643 763 per
1653 691 1699 747 eui
1711 691 1831 747 ttoncilii
1843 707 1909 747 sen-

203 779 684 854 quodotraditoribusdivinarum
701 780 919 853 Scripturarum
939 778 1028 836 luerit
1081 781 1204 838 tentiam
1237 782 1425 839 vehementer
1457 780 1638 856 exaggeratis
1667 780 1909 838 communionem

204 870 367 926 ordinatus.
378 869 433 925 Sed
444 873 511 942 post
522 886 641 925 causam
653 885 719 926 cum
729 885 762 925 eo
774 868 882 924 dictam
893 870 981 940 atque
993 865 1027 921 ll-
1082 886 1166 926 suam
1178 870 1379 927 contaminare
1395 869 1570 928 timuerunt.

204 958 295 1014 uitam
307 956 834 1031 salsitatisrcideprehensi,pertinaci
844 956 1028 1014 dissensione
1119 957 1197 1015 LXX.
1210 957 1473 1029 Parscrmmursrm,
1490 974 1565 1030 quos
1587 957 1616 1015 in
1632 957 1775 1031 Hispania
1790 957 1909 1014 Priscil-

202 1047 330 1118 firmata,
344 1047 373 1102 in
399 1046 534 1103 heresim
550 1045 681 1103 schisma
699 1049 869 1103 vertsmnt:
886 1048 1028 1118 tanquam
1082 1045 1181 1104 lianus
1191 1046 1331 1116 instituit,
1344 1047 1471 1104 maxima
1483 1046 1689 1104 Gnosticorum
1700 1045 1911 1103 etllaniehaeo-

203 1134 333 1192 Ecclesia
343 1135 449 1193 Christi
459 1140 578 1209 propter
588 1133 941 1200 criminaGeciliani‚seu
949 1150 1027 1203 vera,
1084 1152 1149 1192 rum
1174 1136 1312 1208 dogmata
1336 1136 1480 1210 permixta
1501 1139 1661 1193 sectamur.
1677 1135 1858 1200 Quamviset
1874 1150 1910 1192 ex

205 1240 257 1280 seu
277 1224 355 1296 quod
374 1224 470 1297 magis
481 1222 635 1295 judicibus
655 1222 801 1295 apparuit,
821 1221 903 1290 lalsa,
919 1223 955 1278 de
968 1226 1029 1279 toto
1083 1221 1151 1280 aliis
1165 1223 1325 1281 heresibus
1341 1226 1372 1281 in
1386 1227 1452 1281 sos¹
1477 1225 1589 1292 sordes,
1614 1231 1754 1297 tanquam
1769 1224 1799 1280 in
1816 1223 1910 1280 senti·

204 1310 1030 1385 terrerumorbeperierit,ubiluturapromissaest,atque
1084 1328 1154 1370 nam
1180 1313 1338 1384 quamdam
1361 1312 1496 1369 horribili
1517 1312 1687 1371 conlusiana
1701 1313 1910 1371 confluxerint.

205 1400 235 1456 id
246 1398 1028 1474 hlrioanaDonatiparteramanserit,inaliisterrerum
1083 1400 1204 1473 Propter
1218 1401 1409 1458 occultandas
1424 1409 1522 1459 autem
1536 1401 1799 1459 carataminationes
1810 1406 1839 1458 et
1850 1407 1913 1458 tur·

206 1489 339 1561 partibus
354 1490 439 1561 quasi
454 1489 625 1562 contagione
639 1489 858 1546 communionis
874 1488 1028 1546 exstincta.
1084 1489 1233 1562 pitudines
1256 1507 1325 1547 suas
1347 1491 1457 1548 habent
1478 1491 1508 1547 in
1529 1490 1590 1548 auis
1611 1489 1800 1564 dogmatibus
1810 1489 1913 1550 ethaeo

205 1578 321 1633 Audent
330 1579 419 1634 etiam
431 1578 609 1651 rebaptizare
617 1576 795 1635 catholicos:
806 1578 854 1634 ubi
863 1594 893 1634 sc
902 1577 1030 1651 amplius
1085 1580 1172 1635 verba
1184 1596 1190 1635 :

205 1666 356 1723 haeretioos
371 1683 435 1724 esse
450 1667 615 1735 firmarunt,
641 1684 709 1723 cum
724 1666 860 1724 Ecclesiae
883 1665 1030 1723 catholicas
1214 1659 1287 1719 ³⁰1³,
1303 1658 1420 1723 Datim·
1436 1659 1698 1724 ⁸⁰⁰lti¹¹¹1¹lll⁰d⁰¹⁰
1713 1658 1780 1709 ⁰⁰¹¹·

207 1756 349 1812 universae
359 1755 510 1828 placuerit,
523 1772 575 1812 neo
585 1756 615 1811 in
628 1754 701 1828 ipsis
717 1753 861 1811 hereticis
881 1755 1031 1828 Baptismn
1046 1791 1071 1857 B
1085 1754 1119 1810 Hi
1135 1754 1250 1812 animas
1260 1755 1363 1813 dicunt
1376 1757 1507 1828 ejusdem
1518 1760 1629 1813 nature
1640 1761 1729 1829 atque
1739 1756 1911 1813 substantie

207 1842 942 1916 communerescindere.Hujushercsispriucipem
956 1841 1031 1898 acci·
1087 1843 1172 1915 cujus
1187 1847 1232 1900 est
1247 1845 1336 1912 Deus,
1352 1845 1388 1901 cd
1404 1861 1527 1918 ugonem
1543 1845 1701 1919 quemdam
1714 1848 1912 1918 spontaneum

207 1930 306 2004 pimus
316 1931 407 1988 luisse
419 1934 572 2001 Donatum,
586 1932 637 2004 qui
651 1931 687 1988 ds
707 1929 845 1988 Numidia
858 1931 987 2004 veniens,
1004 1933 1033 1987 et
1087 1930 1117 1987 in
1128 1931 1214 1987 terris
1226 1932 1431 2004 exercendum,
1444 1949 1496 2006 per
1505 1938 1618 2005 septem
1629 1932 1716 1989 coelos
1727 1937 1756 1989 et
1765 1949 1817 2006 per
1826 1948 1915 2005 quoe·

209 2018 1032 2092 contracaeoilianumchristianamdivideusplebem,ad·
1087 2021 1155 2077 dam
1171 2020 1318 2094 gradatim
1333 2021 1510 2080 descendere
1520 2021 1713 2095 principatus,
1726 2025 1755 2078 et
1764 2022 1795 2078 in
1807 2021 1913 2095 malig-

204 2109 318 2181 junctis
329 2109 385 2166 sibi
395 2109 526 2181 ejusdem
537 2109 672 2166 lectionis
683 2108 840 2182 episcopis,
854 2107 1031 2180 Majorioum
1088 2125 1159 2165 num
1182 2108 1345 2182 principem
1369 2110 1528 2180 incurrere,
1555 2127 1645 2184 aquo
1658 2111 1750 2168 istum
1765 2111 1913 2167 mundum

209 2199 287 2272 apud
298 2198 502 2271 Carthaginem
513 2197 657 2255 ordInavit
666 2198 846 2271 episcopum.
856 2197 906 2252 Cui
917 2196 1031 2269 Maiori·
1087 2198 1196 2254 factum
1212 2197 1324 2277 volunt,
1346 2204 1434 2272 atque
1457 2200 1494 2256 ab
1516 2199 1571 2256 hoo
1586 2199 1717 2273 principe
1732 2216 1784 2273 par
1798 2199 1915 2256 diversa

208 2304 246 2344 no
263 2288 391 2345 Donatus
406 2286 483 2344 alius
497 2287 528 2344 in
542 2286 644 2343 eadem
660 2285 801 2342 divisione
812 2285 964 2354 successit,
981 2284 1032 2360 qui
1087 2287 1184 2344 carnis
1198 2303 1319 2359 corpora
1334 2288 1483 2346 seminari.
1501 2291 1645 2346 hstruunt
1659 2289 1748 2345 etiam
1773 2287 1914 2345 letalibus

207 2375 374 2449 eloquentia
397 2393 453 2433 sua
475 2376 518 2433 sie
539 2374 724 2432 confirmavit
741 2374 817 2432 hanc
838 2373 983 2443 heresim,
1000 2378 1032 2430 ut
1087 2374 1180 2432 stellis
1201 2375 1337 2433 homines
1358 2376 1521 2450 colligatos,
1546 2376 1703 2450 ipsumque
1723 2393 1828 2451 corpus
1844 2393 1915 2434 uos·

205 2462 1031 2539 multiexistimentprcpteripsumpotiuseosDonatistae
1085 2468 1165 2521 trum
1182 2466 1345 2522 secundum
1360 2465 1514 2522 duodecim
1530 2465 1615 2540 signa
1630 2464 1694 2522 coeli
1714 2482 1778 2523 asse
1793 2481 1914 2540 compo·

204 2554 311 2610 vocari.
323 2554 446 2610 Exstant
456 2553 564 2626 scripta
575 2553 651 2625 ejus,
663 2552 713 2610 ubi
725 2558 847 2626 apparet
862 2569 930 2609 eum
941 2551 1031 2609 etiam
1086 2553 1188 2624 situm,
1203 2553 1281 2609 sicut
1291 2553 1321 2609 hi
1333 2553 1383 2627 qui
1395 2552 1596 2611 mathematici
1606 2552 1693 2627 vulgo
1705 2553 1911 2627 appellantem

206 2640 1030 2711 noncatholicumda'lrinitatehabuissesententiam,sed
1087 2642 1298 2699 constituentes
1312 2642 1342 2699 in
1356 2642 1450 2715 capite
1465 2641 1606 2711 Arietem,
1628 2643 1757 2699 'l'aurum
1773 2643 1803 2699 io
1818 2641 1913 2698 cervi·

206 2729 1031 2804 quamvisejusdamsubstantie,minoremtamenPatre
1085 2746 1129 2797 oe,
1144 2730 1283 2786 Geminos
1307 2729 1337 2786 in
1360 2729 1503 2801 humoris,
1528 2731 1671 2787 Cancrum
1694 2729 1725 2787 in
1739 2735 1868 2803 pectore,
1884 2732 1914 2787 et

206 2820 362 2889 l'ilium,et
371 2820 514 2877 minorem
523 2818 596 2876 Filio
605 2818 1030 2892 putasseSpiritumeanctum.
1086 2823 1188 2875 catara
1203 2818 1378 2876 nominatim
1402 2819 1488 2892 signa
1511 2822 1724 2892 percurrentes,
1741 2819 1777 2874 sd
1793 2819 1912 2891 plantas

205 2909 312 2967 Verum
322 2909 351 2964 in
363 2909 451 2977 hunc,
460 2907 739 2981 quemde'lrinitate
750 2907 864 2973 habuit,
877 2908 942 2980 ejus
952 2924 1030 2965 erro·
1086 2924 1180 2980 usque
1203 2908 1387 2981 perveniunt,
1412 2923 1485 2980 quas
1510 2906 1642 2965 Piscibus
1668 2906 1813 2977 tribuunt,
1833 2907 1913 2978 quod

205 3013 267 3054 rem
281 2997 501 3054 Donatistarum
517 2994 677 3053 multitudo
692 2995 807 3052 intenta
821 3011 879 3051 non
890 2994 960 3064 luit;
978 3013 1030 3052 nec
1085 2996 1225 3053 ultimum
1249 2996 1366 3070 signum
1391 2996 1427 3053 ab
1452 2995 1609 3068 astrologis
1631 3000 1829 3069 nuncupatur.
1846 2995 1915 3053 Heo

204 3086 290 3143 facile
299 3086 330 3142 in
341 3086 564 3159 eisquisquam,
577 3082 692 3158 quihoo
703 3083 787 3139 illum
803 3083 932 3141 sensisse
943 3101 1030 3142 nove·
1086 3090 1116 3142 et
1138 3084 1196 3141 alia
1220 3085 1364 3158 fabulosa,
1389 3103 1474 3156 vana,
1501 3084 1653 3158 sacrilega,
1684 3102 1747 3158 ques
1773 3085 1913 3159 persequi

206 3176 254 3242 rit,
267 3175 423 3232 invenitur.
437 3173 625 3231 lstibaeretici
639 3173 669 3229 in
680 3171 751 3230 urbe
762 3172 855 3230 Roma
865 3174 1032 3232 Montenaes
1046 3158 1068 3226 C
1087 3173 1208 3247 longum
1224 3178 1278 3245 est,
1294 3173 1424 3242 heresis,
1434 3175 1491 3231 ista
1502 3174 1639 3231 contexit.
1651 3175 1759 3232 Carnes
1770 3180 1915 3248 tanquam

204 3269 358 3334 vocantur,
374 3256 568 3336 quibus'hinc
583 3279 618 3319 ex
631 3260 730 3318 Africa
749 3260 845 3318 solent
859 3261 1030 3335 episcopum
1085 3261 1256 3319 immundas
1284 3279 1368 3320 escas
1392 3263 1480 3320 etiam
1505 3262 1569 3335 ipsa
1594 3262 1704 3319 devitat
1723 3279 1729 3318 :
1759 3263 1914 3336 conjuges,

206 3355 337 3410 mittere:
352 3351 480 3409 anthino
492 3350 561 3408 illuc
572 3350 633 3408 Alri
647 3350 776 3424 episcopi
787 3366 889 3408 eorum
900 3367 1029 3425 pergere,
1086 3351 1196 3424 quibus
1220 3351 1274 3408 hoc
1299 3350 1411 3408 malum
1436 3353 1565 3424 potuerit
1588 3352 1776 3425 persuadere,
1796 3351 1916 3422 disjnn·

205 3438 1030 3513 silorteibieumordinareplacuissethdhnnchasresim
1086 3456 1168 3512 gens,
1184 3443 1213 3495 et
1238 3439 1314 3496 viros
1338 3456 1355 3495 a
1380 3440 1548 3497 nolentibus
1565 3439 1693 3506 leminis,
1709 3444 1738 3496 et
1752 3439 1879 3496 seminas
1894 3456 1915 3497 a

204 3528 640 3602 inhlricaetillipertinent,qui
654 3527 840 3602 appellantur
855 3528 1031 3586 Circumcel·
1086 3527 1254 3585 nolentibus
1277 3528 1359 3585 viris.
1384 3528 1540 3602 Opificium
1567 3528 1675 3602 quippe
1698 3527 1793 3585 omnis
1812 3527 1914 3586 carnis
1946 3573 1950 3579 .

206 3618 311 3691 lienes,
327 3635 420 3693 genus
434 3618 590 3676 homiuum
600 3623 715 3691 agreste
725 3622 754 3675 et
763 3617 968 3675 famosissime
978 3635 1030 3675 au·
1086 3633 1144 3673 non
1160 3616 1217 3673 Deo
1242 3616 1317 3674 bono
1345 3620 1373 3673 et
1396 3632 1475 3690 vero,
1498 3618 1549 3674 sed
1574 3616 1713 3690 malignis
1728 3616 1841 3690 angelis
1856 3617 1913 3674 tri-

206 3709 306 3781 daciae,
321 3725 378 3765 non
395 3708 491 3766 solum
507 3708 536 3764 in
552 3707 625 3764 alios
638 3706 781 3764 immania
791 3707 921 3764 lacinora
930 3724 1031 3780 perpe·
1086 3703 1180 3762 buunt
1193 3721 1198 3762 :
1212 3705 1267 3762 hoc
1276 3706 1452 3762 versutiores
1463 3705 1551 3763 etlam
1562 3703 1821 3779 Manichaeis,quod
1834 3706 1915 3764 nihil

205 3799 321 3866 trando,
331 3798 380 3854 aad
393 3813 445 3854 noc
456 3797 513 3853 sibi
524 3797 625 3854 eadem
636 3795 741 3853 insana
750 3796 866 3853 feritate
874 3797 1030 3870 parcendo.
1086 3794 1304 3867 Scripturarum
1329 3794 1534 3852 canonicarum
1555 3794 1719 3869 repudiant,
1736 3794 1825 3852 simul
1840 3811 1914 3855 cum

206 3885 281 3943 Nam
296 3902 347 3959 per
362 3889 470 3943 mortes
484 3884 580 3942 varias
604 3884 789 3959 maximaque
803 3885 1031 3957 precipitiorum
1085 3883 1259 3957 apocryphis
1285 3883 1415 3957 legentes
1440 3884 1539 3941 omnia
1553 3887 1582 3940 et
1595 3884 1626 3939 in
1640 3885 1845 3941 auctoritatem
1863 3903 1916 3943 eu·

207 3978 237 4030 et
250 3991 395 4047 aquarum
411 3979 439 4030 et
453 3973 567 4047 ignium
582 3990 613 4030 se
624 3974 704 4047 ipsos
716 3990 821 4031 necare
831 3979 1029 4049 consuerunt;
1085 3976 1210 4043 mentes,
1226 3972 1322 4028 sedin
1339 3988 1409 4029 suos
1432 3989 1537 4029 sensus
1563 3971 1776 4046 allegorizando
1790 3979 1913 4032 verten-

208 4067 238 4120 et
261 4063 291 4118 in
316 4064 408 4120 istum
433 4064 562 4120 furorem
586 4062 659 4119 alios
686 4079 760 4135 quoa
782 4063 928 4137 potuerint
944 4080 1030 4123 sexus
1084 4064 1129 4117 tes
1144 4060 1288 4133 quidquid
1304 4060 1334 4116 in
1349 4061 1460 4117 sanctis
1471 4061 1563 4118 Libris
1574 4064 1707 4134 estquod
1719 4079 1818 4119 eorum
1829 4079 1914 4121 ever-

207 4150 685 4224 utrinsquseeducere,aliquando
696 4150 1028 4223 utoocidsnturaballis,
1083 4150 1322 4206 taterrorem.De
1337 4149 1453 4207 Christo
1469 4149 1666 4208 Sabellianam
1682 4156 1793 4208 sectam
1807 4156 1915 4210 tenent

206 4245 342 4312 mortem,
358 4241 416 4297 nisi
431 4241 561 4309 facerint,
582 4238 804 4297 cacuminantss.
820 4238 1029 4299 Verumtamen
1083 4240 1219 4295 eumdem
1243 4238 1340 4310 ipsum
1365 4256 1429 4296 esse
1443 4239 1584 4311 dicentes,
1604 4256 1663 4297 non
1678 4242 1775 4297 solum
1789 4241 1913 4312 Filium,

203 4328 351 4402 plerisque
367 4328 585 4386 Donatistarum
600 4327 755 4401 displicent
766 4327 851 4395 talos,
863 4345 916 4386 nec
926 4347 1027 4388 eorum
1083 4329 1133 4385 sed
1149 4327 1237 4384 etiam
1252 4331 1378 4397 Patrem,
1395 4331 1423 4385 et
1437 4327 1580 4402 Spiritum
1596 4335 1743 4386 sanctum.

203 4419 410 4474 commuuione
422 4416 617 4474 contaminari
629 4433 660 4473 so
671 4421 786 4489 putant,
804 4417 854 4490 qui
865 4417 1026 4478 christiano
1117 4415 1208 4472 Llllll.
1225 4415 1300 4472 Dicit
1326 4415 1480 4486 Philaster,
1504 4434 1569 4475 esse
1593 4416 1666 4476 alios
1688 4417 1838 4476 hereticos
1854 4421 1909 4493 qui

202 4506 265 4562 orbi
274 4511 419 4564 terrarum
431 4508 581 4564 dementer
589 4505 733 4577 objiciunt
741 4506 1027 4578 ignotorumorimen
1040 4517 1065 4582 Ι)
1080 4521 1148 4561 oum
1164 4504 1336 4562 hominibus
1346 4523 1404 4563 non
1415 4511 1538 4564 sumunt
1548 4522 1630 4563 oscas
1642 4524 1649 4562 :
1662 4507 1712 4563 sed
1725 4511 1824 4564 utrum
1836 4525 1908 4568 oum

202 4595 351 4652 Afrorum.
363 4595 492 4653 Multaat
502 4595 580 4652 inter
590 4593 671 4666 ipsos
687 4595 762 4650 lacta
772 4597 841 4650 sunt
851 4592 1023 4667 schismata,
1079 4594 1145 4652 aliis
1160 4593 1210 4667 qui
1225 4594 1357 4666 ejusdem
1372 4600 1456 4652 scote
1472 4612 1529 4652 non
1544 4599 1625 4664 suut,
1638 4612 1675 4652 sn
1688 4597 1775 4653 etiam
1787 4597 1863 4655 inter
1874 4616 1908 4657 ee

201 4681 1021 4756 etabiiesediversiacoetibusaliiatquealiisepararunh
1078 4682 1158 4757 ipsos
1174 4683 1202 4738 id
1218 4683 1338 4754 faciant,
1362 4701 1422 4739 non
1447 4683 1593 4758 exprimit.
1615 4684 1689 4741 Dicit
1703 4684 1791 4741 etiam
1804 4702 1855 4742 cos
1868 4688 1907 4745 dc

200 4787 325 4845 quorum
351 4773 564 4845 separationem
588 4775 690 4829 cetera
713 4771 833 4844 grandis
864 4772 1022 4831 multitudo
1077 4770 1161 4829 Patre
1175 4775 1204 4828 et
1227 4770 1299 4828 Filio
1324 4776 1411 4844 recte,
1426 4773 1463 4830 da
1487 4768 1596 4847 Spiritu
1611 4777 1711 4831 nutem
1726 4778 1827 4832 sancto
1843 4791 1907 4835 non

199 4877 258 4918 non
284 4862 387 4918 sensit.
415 4863 471 4918 Sed
496 4861 573 4934 apud
599 4860 804 4933 Carthaginem
826 4860 1022 4920 ltlaximianus
1071 4858 1218 4924 ,catholica
1233 4877 1345 4934 sapere,
1362 4862 1440 4935 quod
1455 4879 1523 4920 eum
1538 4863 1698 4936 opinentur
1712 4869 1904 4923 eseacreatu·

198 4954 301 5008 contra
315 4950 496 5006 Primianum
512 4950 548 5006 ab
563 4949 696 5021 ejusdem
711 4948 817 5006 erroris
833 4955 949 5007 centum
965 4952 1021 5008 lsr-
1076 4966 1150 5006 ram.

198 5056 246 5096 me
261 5039 408 5114 episcopie
423 5039 587 5110 ordinatus,
603 5042 664 5096 cta
682 5035 802 5109 reliquis
817 5039 956 5096 trecentis
971 5040 1020 5097 ds·
1113 5037 1216 5094 LlDlll.
1242 5043 1265 5093 Δ
1299 5038 1436 5097 Rhetorlo
1470 5041 1595 5114 quodam
1621 5044 1749 5098 exortam
1763 5040 1902 5101 heresim

198 5145 273 5197 cem,
289 5145 357 5186 cum
372 5127 414 5184 eie
430 5127 584 5184 duodeolm
600 5125 648 5198 qui
666 5124 842 5183 ordinationi
857 5127 1019 5200 ejusetiam
1074 5126 1146 5183 dicit
1160 5126 1285 5184 nimium
1302 5128 1445 5187 mirabilis
1459 5129 1608 5200 vanitatis,
1621 5146 1685 5202 que
1696 5130 1901 5189 omneshaere-
1951 5145 1953 5149 '

195 5218 350 5289 presentia
364 5216 507 5292 corporali
531 5216 740 5287 interluerunt,
763 5215 947 5274 atrocissima
962 5219 1018 5275 ari·
1073 5216 1147 5273 ticos
1162 5222 1240 5274 recte
1254 5217 1415 5288 ambulare,
1432 5223 1460 5276 ct
1474 5235 1540 5276 vers
1556 5219 1651 5277 dicere
1661 5220 1789 5276 affirmet
1801 5238 1807 5273 z
1820 5221 1901 5294 quod

195 5306 355 5365 minatione
370 5309 539 5374 damnatus,
555 5301 696 5377 compulit
710 5320 760 5361 eos
772 5305 959 5363 nosseetiam
969 5325 1017 5365 ex·
1073 5304 1114 5361 ita
1126 5309 1172 5363 est
1186 5305 1362 5377 absurdum,
1377 5311 1410 5364 ut
1425 5307 1498 5364 mibi
1514 5307 1685 5365 incredibile
1699 5307 1844 5366 videntur.
1953 5311 1954 5314 ’

194 5397 241 5451 tra
255 5395 411 5454 Ecclesiam
426 5396 490 5453 dari
505 5411 591 5469 posse
611 5392 794 5466 baptismum
809 5394 926 5451 Christi.
943 5396 1017 5455 llam
1109 5394 1224 5452 tlllllll.
1251 5394 1316 5452 Alia
1340 5401 1384 5454 est
1408 5396 1537 5471 heresis,
1562 5415 1626 5471 que
1648 5397 1719 5455 dicit
1737 5397 1768 5454 in
1782 5398 1899 5456 Christo
1948 5394 1952 5422 ²

194 5485 339 5554 quosdam
355 5501 389 5540 ex
412 5487 453 5542 eis
479 5503 546 5544 cum
561 5484 604 5542 eie
618 5498 692 5556 quos
708 5487 789 5540 extra
803 5500 904 5541 corum
919 5486 1016 5544 Docte·
1071 5483 1254 5543 divinitatem
1280 5485 1420 5555 doluisse,
1445 5504 1513 5546 cum
1538 5488 1678 5562 figeretur
1700 5504 1766 5546 caro
1786 5487 1851 5559 ejus
1868 5489 1897 5545 in

1070 5587 1166 5633 eruce.

190 5653 236 5768 3⁶⁸1
244 5650 851 5782 qqffssffggfflffdffinfflffiffmfflff
864 5656 1016 5724 mmmm
1101 5715 1112 5753 ¹
1126 5717 1189 5771 Sola
1201 5715 1283 5770 editio
1300 5717 1374 5783 lov..
1388 5718 1417 5773 in
1432 5699 1486 5775 eea.
