<?xml version="1.0" encoding="UTF-8"?>
<!DOCTYPE html PUBLIC "-//W3C//DTD XHTML 1.0 Transitional//EN"
    "http://www.w3.org/TR/xhtml1/DTD/xhtml1-transitional.dtd">
<html xmlns="http://www.w3.org/1999/xhtml" xml:lang="en" lang="en">
 <head>
  <title>
</title>
<meta http-equiv="Content-Type" content="text/html;charset=utf-8" />
  <meta name='ocr-system' content='tesseract 3.04.00' />
  <meta name='ocr-capabilities' content='ocr_page ocr_carea ocr_par ocr_line ocrx_word'/>
</head>
<body>
  <div class='ocr_page' id='page_1' title='image "./patrologiaecurs01migngoog_0361.png"; bbox 0 0 3908 6128; ppageno 0'>
   <div class='ocr_carea' id='block_1_1' title="bbox 786 261 1873 328">
    <p class='ocr_par' dir='ltr' id='par_1_1' title="bbox 786 261 1873 328">
     <span class='ocr_line' id='line_1_1' title="bbox 786 261 1873 328; baseline 0 -3"><span class='ocrx_word' id='word_1_1' title='bbox 786 269 819 325; x_wconf 82' lang='lat' dir='ltr'>S.</span> <span class='ocrx_word' id='word_1_2' title='bbox 841 261 1055 328; x_wconf 77' lang='lat' dir='ltr'>nouusrtttl</span> <span class='ocrx_word' id='word_1_3' title='bbox 1076 263 1254 328; x_wconf 68' lang='lat' dir='ltr'>episcopt</span> <span class='ocrx_word' id='word_1_4' title='bbox 1812 264 1873 325; x_wconf 81' lang='lat' dir='ltr'>m</span> 
     </span>
    </p>
   </div>
   <div class='ocr_carea' id='block_1_2' title="bbox 166 273 223 336">
    <p class='ocr_par' dir='ltr' id='par_1_2' title="bbox 166 273 223 336">
     <span class='ocr_line' id='line_1_2' title="bbox 166 273 223 336; baseline -0.018 0"><span class='ocrx_word' id='word_1_5' title='bbox 166 273 223 336; x_wconf 84' lang='lat' dir='ltr'>&#39;ill</span> 
     </span>
    </p>
   </div>
   <div class='ocr_carea' id='block_1_3' title="bbox 163 395 1876 1008">
    <p class='ocr_par' dir='ltr' id='par_1_3' title="bbox 163 395 1876 1008">
     <span class='ocr_line' id='line_1_3' title="bbox 167 395 1874 476; baseline -0.005 -13"><span class='ocrx_word' id='word_1_6' title='bbox 167 422 209 472; x_wconf 84' lang='lat' dir='ltr'>se,</span> <span class='ocrx_word' id='word_1_7' title='bbox 226 404 294 476; x_wconf 87' lang='lat' dir='ltr'>quia</span> <span class='ocrx_word' id='word_1_8' title='bbox 310 403 379 458; x_wconf 90' lang='lat' dir='ltr'>dum</span> <span class='ocrx_word' id='word_1_9' title='bbox 395 417 448 473; x_wconf 78' lang='lat' dir='ltr'>ego</span> <span class='ocrx_word' id='word_1_10' title='bbox 465 414 622 471; x_wconf 86' lang='lat' dir='ltr'>quaererem</span> <span class='ocrx_word' id='word_1_11' title='bbox 639 400 671 452; x_wconf 91' lang='lat' dir='ltr'>ut</span> <span class='ocrx_word' id='word_1_12' title='bbox 690 396 802 452; x_wconf 86' lang='lat' dir='ltr'>diceres</span> <span class='ocrx_word' id='word_1_13' title='bbox 816 395 887 451; x_wconf 90' lang='lat' dir='ltr'>mihi</span> <span class='ocrx_word' id='word_1_14' title='bbox 904 395 992 451; x_wconf 83' lang='lat' dir='ltr'>tidem</span> <span class='ocrx_word' id='word_1_15' title='bbox 1047 396 1583 456; x_wconf 86' lang='lat' dir='ltr'>moniumChristi.Sinedubioautem</span> <span class='ocrx_word' id='word_1_16' title='bbox 1591 396 1874 471; x_wconf 85' lang='lat' dir='ltr'>Christusipsccon·</span> 
     </span>
     <span class='ocr_line' id='line_1_4' title="bbox 166 484 1875 561; baseline -0.004 -10"><span class='ocrx_word' id='word_1_17' title='bbox 166 499 248 552; x_wconf 88' lang='lat' dir='ltr'>tuem</span> <span class='ocrx_word' id='word_1_18' title='bbox 265 494 301 548; x_wconf 90' lang='lat' dir='ltr'>de</span> <span class='ocrx_word' id='word_1_19' title='bbox 317 493 398 547; x_wconf 86' lang='lat' dir='ltr'>Putre</span> <span class='ocrx_word' id='word_1_20' title='bbox 415 496 442 546; x_wconf 88' lang='lat' dir='ltr'>et</span> <span class='ocrx_word' id='word_1_21' title='bbox 457 487 528 543; x_wconf 83' lang='lat' dir='ltr'>Filio</span> <span class='ocrx_word' id='word_1_22' title='bbox 552 494 580 543; x_wconf 86' lang='lat' dir='ltr'>et</span> <span class='ocrx_word' id='word_1_23' title='bbox 601 487 711 558; x_wconf 82' lang='lat' dir='ltr'>Spiritu</span> <span class='ocrx_word' id='word_1_24' title='bbox 734 490 844 553; x_wconf 88' lang='lat' dir='ltr'>sancto,</span> <span class='ocrx_word' id='word_1_25' title='bbox 866 486 944 557; x_wconf 91' lang='lat' dir='ltr'>quod</span> <span class='ocrx_word' id='word_1_26' title='bbox 964 492 993 540; x_wconf 89' lang='lat' dir='ltr'>et</span> <span class='ocrx_word' id='word_1_27' title='bbox 1047 484 1146 540; x_wconf 86' lang='lat' dir='ltr'>litetur</span> <span class='ocrx_word' id='word_1_28' title='bbox 1161 487 1251 559; x_wconf 83' lang='lat' dir='ltr'>quod,</span> <span class='ocrx_word' id='word_1_29' title='bbox 1264 489 1392 544; x_wconf 74' lang='lat' dir='ltr'><em>Doctrina</em></span> <span class='ocrx_word' id='word_1_30' title='bbox 1411 506 1472 544; x_wconf 87' lang='lat' dir='ltr'>mco</span> <span class='ocrx_word' id='word_1_31' title='bbox 1492 504 1545 544; x_wconf 88' lang='lat' dir='ltr'>non</span> <span class='ocrx_word' id='word_1_32' title='bbox 1558 498 1680 553; x_wconf 83' lang='lat' dir='ltr'>estmoe,</span> <span class='ocrx_word' id='word_1_33' title='bbox 1691 488 1738 544; x_wconf 85' lang='lat' dir='ltr'>scd</span> <span class='ocrx_word' id='word_1_34' title='bbox 1755 490 1875 561; x_wconf 75' lang='lat' dir='ltr'><strong><em>ejusqui</em></strong></span> 
     </span>
     <span class='ocr_line' id='line_1_5' title="bbox 166 573 1876 655; baseline -0.004 -16"><span class='ocrx_word' id='word_1_35' title='bbox 166 599 245 640; x_wconf 88' lang='lat' dir='ltr'>nunc</span> <span class='ocrx_word' id='word_1_36' title='bbox 260 596 358 655; x_wconf 85' lang='lat' dir='ltr'>posco,</span> <span class='ocrx_word' id='word_1_37' title='bbox 375 585 405 635; x_wconf 93' lang='lat' dir='ltr'>tu</span> <span class='ocrx_word' id='word_1_38' title='bbox 430 577 500 633; x_wconf 91' lang='lat' dir='ltr'>mihi</span> <span class='ocrx_word' id='word_1_39' title='bbox 523 593 579 632; x_wconf 90' lang='lat' dir='ltr'>non</span> <span class='ocrx_word' id='word_1_40' title='bbox 603 575 701 631; x_wconf 79' lang='lat' dir='ltr'>dixisti</span> <span class='ocrx_word' id='word_1_41' title='bbox 726 574 812 631; x_wconf 86' lang='lat' dir='ltr'>fidem</span> <span class='ocrx_word' id='word_1_42' title='bbox 834 580 926 645; x_wconf 87' lang='lat' dir='ltr'>tuam,</span> <span class='ocrx_word' id='word_1_43' title='bbox 941 573 991 629; x_wconf 89' lang='lat' dir='ltr'>sed</span> <span class='ocrx_word' id='word_1_44' title='bbox 1044 590 1087 629; x_wconf 87' lang='lat' dir='ltr'>me</span> <span class='ocrx_word' id='word_1_45' title='bbox 1100 577 1177 630; x_wconf 80' lang='lat' dir='ltr'>misit</span> <span class='ocrx_word' id='word_1_46' title='bbox 1190 577 1379 639; x_wconf 78' lang='lat' dir='ltr'>Patrisiioon.</span> <span class='ocrx_word' id='word_1_47' title='bbox 1391 596 1443 643; x_wconf 86' lang='lat' dir='ltr'>vu,</span> <span class='ocrx_word' id='word_1_48' title='bbox 1456 578 1500 646; x_wconf 78' lang='lat' dir='ltr'>ld)</span> <span class='ocrx_word' id='word_1_49' title='bbox 1513 596 1519 633; x_wconf 93' lang='lat'>:</span> <span class='ocrx_word' id='word_1_50' title='bbox 1531 578 1653 647; x_wconf 77' lang='lat' dir='ltr'>atomi</span> <span class='ocrx_word' id='word_1_51' title='bbox 1666 576 1760 634; x_wconf 85' lang='lat' dir='ltr'>oidiet</span> <span class='ocrx_word' id='word_1_52' title='bbox 1778 577 1876 633; x_wconf 81' lang='lat' dir='ltr'>codici</span> 
     </span>
     <span class='ocr_line' id='line_1_6' title="bbox 165 662 1874 741; baseline -0.003 -12"><span class='ocrx_word' id='word_1_53' title='bbox 165 670 323 729; x_wconf 75' lang='lat' dir='ltr'>nominasti</span> <span class='ocrx_word' id='word_1_54' title='bbox 338 669 522 724; x_wconf 77' lang='lat' dir='ltr'>Ariminense</span> <span class='ocrx_word' id='word_1_55' title='bbox 537 664 705 721; x_wconf 89' lang='lat' dir='ltr'>concilium.</span> <span class='ocrx_word' id='word_1_56' title='bbox 715 664 815 719; x_wconf 81' lang='lat' dir='ltr'>Fidem</span> <span class='ocrx_word' id='word_1_57' title='bbox 829 669 911 719; x_wconf 90' lang='lat' dir='ltr'>tuam</span> <span class='ocrx_word' id='word_1_58' title='bbox 927 662 991 718; x_wconf 87' lang='lat' dir='ltr'>volo</span> <span class='ocrx_word' id='word_1_59' title='bbox 1043 664 1117 734; x_wconf 82' lang='lat' dir='ltr'>opud</span> <span class='ocrx_word' id='word_1_60' title='bbox 1130 669 1243 721; x_wconf 82' lang='lat' dir='ltr'>Putrem</span> <span class='ocrx_word' id='word_1_61' title='bbox 1257 682 1360 733; x_wconf 84' lang='lat' dir='ltr'>mcum,</span> <span class='ocrx_word' id='word_1_62' title='bbox 1377 668 1473 739; x_wconf 80' lang='lat' dir='ltr'>loquor</span> <span class='ocrx_word' id='word_1_63' title='bbox 1487 668 1538 740; x_wconf 77' lang='lat' dir='ltr'>(ld.</span> <span class='ocrx_word' id='word_1_64' title='bbox 1555 684 1617 735; x_wconf 82' lang='lat' dir='ltr'>vsu,</span> <span class='ocrx_word' id='word_1_65' title='bbox 1639 667 1695 737; x_wconf 88' lang='lat'>38).</span> <span class='ocrx_word' id='word_1_66' title='bbox 1712 666 1779 723; x_wconf 87' lang='lat' dir='ltr'>Sive</span> <span class='ocrx_word' id='word_1_67' title='bbox 1803 683 1874 741; x_wconf 80' lang='lat' dir='ltr'>ergo</span> 
     </span>
     <span class='ocr_line' id='line_1_7' title="bbox 166 751 1871 831; baseline -0.004 -13"><span class='ocrx_word' id='word_1_68' title='bbox 166 778 263 821; x_wconf 86' lang='lat' dir='ltr'>nosse.</span> <span class='ocrx_word' id='word_1_69' title='bbox 273 758 343 831; x_wconf 89' lang='lat' dir='ltr'>quid</span> <span class='ocrx_word' id='word_1_70' title='bbox 359 759 469 821; x_wconf 86' lang='lat' dir='ltr'>credas,</span> <span class='ocrx_word' id='word_1_71' title='bbox 485 756 554 828; x_wconf 90' lang='lat' dir='ltr'>quid</span> <span class='ocrx_word' id='word_1_72' title='bbox 572 753 683 810; x_wconf 87' lang='lat' dir='ltr'>sentias</span> <span class='ocrx_word' id='word_1_73' title='bbox 694 753 729 808; x_wconf 90' lang='lat' dir='ltr'>de</span> <span class='ocrx_word' id='word_1_74' title='bbox 741 752 825 809; x_wconf 89' lang='lat' dir='ltr'>Patre</span> <span class='ocrx_word' id='word_1_75' title='bbox 837 751 946 808; x_wconf 81' lang='lat' dir='ltr'>etFilio</span> <span class='ocrx_word' id='word_1_76' title='bbox 962 756 991 808; x_wconf 88' lang='lat' dir='ltr'>et</span> <span class='ocrx_word' id='word_1_77' title='bbox 1043 751 1177 809; x_wconf 86' lang='lat' dir='ltr'>Christus</span> <span class='ocrx_word' id='word_1_78' title='bbox 1192 756 1299 812; x_wconf 88' lang='lat' dir='ltr'>docens</span> <span class='ocrx_word' id='word_1_79' title='bbox 1312 773 1365 813; x_wconf 91' lang='lat' dir='ltr'>nos</span> <span class='ocrx_word' id='word_1_80' title='bbox 1376 756 1537 814; x_wconf 90' lang='lat' dir='ltr'>illuminat.</span> <span class='ocrx_word' id='word_1_81' title='bbox 1557 757 1641 813; x_wconf 86' lang='lat' dir='ltr'>Pater</span> <span class='ocrx_word' id='word_1_82' title='bbox 1656 755 1806 813; x_wconf 88' lang='lat' dir='ltr'>illuminat</span> <span class='ocrx_word' id='word_1_83' title='bbox 1820 756 1871 830; x_wconf 85' lang='lat' dir='ltr'>qui</span> 
     </span>
     <span class='ocr_line' id='line_1_8' title="bbox 163 840 1869 924; baseline -0.004 -17"><span class='ocrx_word' id='word_1_84' title='bbox 163 849 273 924; x_wconf 79' lang='lat' dir='ltr'>Spiritu</span> <span class='ocrx_word' id='word_1_85' title='bbox 289 855 401 904; x_wconf 84' lang='lat' dir='ltr'>sancto.</span> <span class='ocrx_word' id='word_1_86' title='bbox 417 846 447 902; x_wconf 91' lang='lat' dir='ltr'>Si</span> <span class='ocrx_word' id='word_1_87' title='bbox 462 843 602 918; x_wconf 80' lang='lat' dir='ltr'>dignaris,</span> <span class='ocrx_word' id='word_1_88' title='bbox 613 860 661 900; x_wconf 88' lang='lat' dir='ltr'>ore</span> <span class='ocrx_word' id='word_1_89' title='bbox 673 841 856 898; x_wconf 84' lang='lat' dir='ltr'>tuoaudiam.</span> <span class='ocrx_word' id='word_1_90' title='bbox 867 840 929 896; x_wconf 91' lang='lat' dir='ltr'>Noli</span> <span class='ocrx_word' id='word_1_91' title='bbox 943 856 989 897; x_wconf 91' lang='lat' dir='ltr'>me</span> <span class='ocrx_word' id='word_1_92' title='bbox 1042 856 1109 896; x_wconf 89' lang='lat' dir='ltr'>eum</span> <span class='ocrx_word' id='word_1_93' title='bbox 1125 843 1295 914; x_wconf 86' lang='lat' dir='ltr'>destinavit;</span> <span class='ocrx_word' id='word_1_94' title='bbox 1328 846 1389 903; x_wconf 89' lang='lat' dir='ltr'>sive</span> <span class='ocrx_word' id='word_1_95' title='bbox 1417 845 1543 919; x_wconf 75' lang='lat' dir='ltr'>Spiritus</span> <span class='ocrx_word' id='word_1_96' title='bbox 1569 852 1689 902; x_wconf 90' lang='lat' dir='ltr'>sanctus</span> <span class='ocrx_word' id='word_1_97' title='bbox 1710 845 1869 919; x_wconf 84' lang='lat' dir='ltr'>illuminat,</span> 
     </span>
     <span class='ocr_line' id='line_1_9' title="bbox 164 928 1871 1008; baseline -0.002 -12"><span class='ocrx_word' id='word_1_98' title='bbox 164 938 330 996; x_wconf 87' lang='lat' dir='ltr'>mittereed</span> <span class='ocrx_word' id='word_1_99' title='bbox 347 953 380 992; x_wconf 84' lang='lat' dir='ltr'>ea</span> <span class='ocrx_word' id='word_1_100' title='bbox 404 934 522 1006; x_wconf 86' lang='lat' dir='ltr'>scripta,</span> <span class='ocrx_word' id='word_1_101' title='bbox 538 951 601 1006; x_wconf 84' lang='lat' dir='ltr'>ques</span> <span class='ocrx_word' id='word_1_102' title='bbox 626 933 713 988; x_wconf 90' lang='lat' dir='ltr'>modo</span> <span class='ocrx_word' id='word_1_103' title='bbox 739 937 789 986; x_wconf 88' lang='lat' dir='ltr'>aut</span> <span class='ocrx_word' id='word_1_104' title='bbox 815 947 873 1002; x_wconf 84' lang='lat' dir='ltr'>pree</span> <span class='ocrx_word' id='word_1_105' title='bbox 899 946 989 986; x_wconf 86' lang='lat' dir='ltr'>manu</span> <span class='ocrx_word' id='word_1_106' title='bbox 1041 928 1219 988; x_wconf 87' lang='lat' dir='ltr'>illuminatio</span> <span class='ocrx_word' id='word_1_107' title='bbox 1232 935 1267 989; x_wconf 92' lang='lat' dir='ltr'>ad</span> <span class='ocrx_word' id='word_1_108' title='bbox 1284 939 1431 992; x_wconf 77' lang='lat' dir='ltr'>auctorem</span> <span class='ocrx_word' id='word_1_109' title='bbox 1449 935 1582 1007; x_wconf 77' lang='lat' dir='ltr'>recurrit,</span> <span class='ocrx_word' id='word_1_110' title='bbox 1600 935 1651 1008; x_wconf 89' lang='lat' dir='ltr'>qui</span> <span class='ocrx_word' id='word_1_111' title='bbox 1675 941 1720 991; x_wconf 87' lang='lat' dir='ltr'>est</span> <span class='ocrx_word' id='word_1_112' title='bbox 1740 935 1871 993; x_wconf 79' lang='lat' dir='ltr'>fonsbo-</span> 
     </span>
    </p>
   </div>
   <div class='ocr_carea' id='block_1_4' title="bbox 67 1017 989 2082">
    <p class='ocr_par' dir='ltr' id='par_1_4' title="bbox 67 1017 989 2082">
     <span class='ocr_line' id='line_1_10' title="bbox 163 1017 989 1095; baseline -0.012 -11"><span class='ocrx_word' id='word_1_113' title='bbox 163 1045 221 1086; x_wconf 90' lang='lat' dir='ltr'>non</span> <span class='ocrx_word' id='word_1_114' title='bbox 237 1030 318 1095; x_wconf 89' lang='lat' dir='ltr'>sunt,</span> <span class='ocrx_word' id='word_1_115' title='bbox 333 1031 385 1081; x_wconf 89' lang='lat' dir='ltr'>nut</span> <span class='ocrx_word' id='word_1_116' title='bbox 399 1039 500 1080; x_wconf 89' lang='lat' dir='ltr'>eorum</span> <span class='ocrx_word' id='word_1_117' title='bbox 524 1021 697 1078; x_wconf 87' lang='lat' dir='ltr'>auctoritate</span> <span class='ocrx_word' id='word_1_118' title='bbox 722 1037 779 1076; x_wconf 91' lang='lat' dir='ltr'>non</span> <span class='ocrx_word' id='word_1_119' title='bbox 804 1023 915 1077; x_wconf 89' lang='lat' dir='ltr'>teneor.</span> <span class='ocrx_word' id='word_1_120' title='bbox 936 1017 989 1075; x_wconf 84' lang='lat' dir='ltr'>Die</span> 
     </span>
     <span class='ocr_line' id='line_1_11' title="bbox 163 1110 926 1191; baseline -0.012 -17"><span class='ocrx_word' id='word_1_121' title='bbox 163 1117 233 1191; x_wconf 90' lang='lat' dir='ltr'>quid</span> <span class='ocrx_word' id='word_1_122' title='bbox 249 1116 351 1174; x_wconf 88' lang='lat' dir='ltr'>eredas</span> <span class='ocrx_word' id='word_1_123' title='bbox 367 1115 403 1171; x_wconf 91' lang='lat' dir='ltr'>de</span> <span class='ocrx_word' id='word_1_124' title='bbox 418 1114 501 1169; x_wconf 87' lang='lat' dir='ltr'>Patre</span> <span class='ocrx_word' id='word_1_125' title='bbox 516 1116 545 1168; x_wconf 91' lang='lat' dir='ltr'>et</span> <span class='ocrx_word' id='word_1_126' title='bbox 559 1110 630 1167; x_wconf 85' lang='lat' dir='ltr'>Filio</span> <span class='ocrx_word' id='word_1_127' title='bbox 645 1115 674 1166; x_wconf 89' lang='lat' dir='ltr'>et</span> <span class='ocrx_word' id='word_1_128' title='bbox 688 1110 798 1182; x_wconf 85' lang='lat' dir='ltr'>Spiritu</span> <span class='ocrx_word' id='word_1_129' title='bbox 814 1114 926 1165; x_wconf 89' lang='lat' dir='ltr'>sancto.</span> 
     </span>
     <span class='ocr_line' id='line_1_12' title="bbox 197 1197 986 1277; baseline -0.013 -15"><span class='ocrx_word' id='word_1_130' title='bbox 197 1209 272 1270; x_wconf 74' lang='lat' dir='ltr'>Max,</span> <span class='ocrx_word' id='word_1_131' title='bbox 289 1203 440 1277; x_wconf 88' lang='lat' dir='ltr'>respondit</span> <span class='ocrx_word' id='word_1_132' title='bbox 451 1219 458 1259; x_wconf 92' lang='lat'>:</span> <span class='ocrx_word' id='word_1_133' title='bbox 471 1202 534 1258; x_wconf 91' lang='lat' dir='ltr'>Non</span> <span class='ocrx_word' id='word_1_134' title='bbox 550 1201 586 1258; x_wconf 88' lang='lat' dir='ltr'>ad</span> <span class='ocrx_word' id='word_1_135' title='bbox 602 1200 802 1257; x_wconf 85' lang='lat' dir='ltr'>excusandum</span> <span class='ocrx_word' id='word_1_136' title='bbox 818 1214 864 1255; x_wconf 91' lang='lat' dir='ltr'>me</span> <span class='ocrx_word' id='word_1_137' title='bbox 879 1197 986 1253; x_wconf 82' lang='lat' dir='ltr'>Arimi·</span> 
     </span>
     <span class='ocr_line' id='line_1_13' title="bbox 67 1286 987 1371; baseline -0.013 -17"><span class='ocrx_word' id='word_1_138' title='bbox 67 1366 70 1371; x_wconf 28' lang='grc' dir='ltr'>Ι</span> <span class='ocrx_word' id='word_1_139' title='bbox 162 1295 263 1353; x_wconf 78' lang='lat' dir='ltr'>nensis</span> <span class='ocrx_word' id='word_1_140' title='bbox 277 1293 393 1351; x_wconf 88' lang='lat' dir='ltr'>concilii</span> <span class='ocrx_word' id='word_1_141' title='bbox 408 1294 558 1348; x_wconf 86' lang='lat' dir='ltr'>decretum</span> <span class='ocrx_word' id='word_1_142' title='bbox 574 1290 715 1346; x_wconf 87' lang='lat' dir='ltr'>interesse</span> <span class='ocrx_word' id='word_1_143' title='bbox 726 1286 813 1353; x_wconf 83' lang='lat' dir='ltr'>volui,</span> <span class='ocrx_word' id='word_1_144' title='bbox 828 1288 878 1344; x_wconf 91' lang='lat' dir='ltr'>sed</span> <span class='ocrx_word' id='word_1_145' title='bbox 894 1291 927 1343; x_wconf 89' lang='lat' dir='ltr'>ut</span> <span class='ocrx_word' id='word_1_146' title='bbox 941 1304 987 1344; x_wconf 91' lang='lat' dir='ltr'>os·</span> 
     </span>
     <span class='ocr_line' id='line_1_14' title="bbox 159 1376 986 1452; baseline -0.012 -10"><span class='ocrx_word' id='word_1_147' title='bbox 159 1386 279 1442; x_wconf 89' lang='lat' dir='ltr'>tendam</span> <span class='ocrx_word' id='word_1_148' title='bbox 299 1383 502 1440; x_wconf 84' lang='lat' dir='ltr'>auctoritatem</span> <span class='ocrx_word' id='word_1_149' title='bbox 518 1384 650 1447; x_wconf 88' lang='lat' dir='ltr'>Petrum,</span> <span class='ocrx_word' id='word_1_150' title='bbox 669 1378 717 1452; x_wconf 74' lang='lat' dir='ltr'>qui</span> <span class='ocrx_word' id='word_1_151' title='bbox 732 1377 896 1434; x_wconf 90' lang='lat' dir='ltr'>secundum</span> <span class='ocrx_word' id='word_1_152' title='bbox 913 1376 986 1432; x_wconf 86' lang='lat' dir='ltr'>divi·</span> 
     </span>
     <span class='ocr_line' id='line_1_15' title="bbox 159 1466 985 1546; baseline -0.012 -14"><span class='ocrx_word' id='word_1_153' title='bbox 159 1491 213 1532; x_wconf 89' lang='lat' dir='ltr'>nas</span> <span class='ocrx_word' id='word_1_154' title='bbox 230 1473 396 1546; x_wconf 82' lang='lat' dir='ltr'>Scripturas</span> <span class='ocrx_word' id='word_1_155' title='bbox 407 1472 494 1527; x_wconf 83' lang='lat' dir='ltr'>fidem</span> <span class='ocrx_word' id='word_1_156' title='bbox 510 1469 593 1525; x_wconf 91' lang='lat' dir='ltr'>nobis</span> <span class='ocrx_word' id='word_1_157' title='bbox 604 1468 789 1524; x_wconf 84' lang='lat' dir='ltr'>tradiderunt</span> <span class='ocrx_word' id='word_1_158' title='bbox 803 1466 883 1521; x_wconf 88' lang='lat' dir='ltr'>illem</span> <span class='ocrx_word' id='word_1_159' title='bbox 895 1482 985 1539; x_wconf 88' lang='lat' dir='ltr'>quam</span> 
     </span>
     <span class='ocr_line' id='line_1_16' title="bbox 159 1555 986 1634; baseline -0.013 -13"><span class='ocrx_word' id='word_1_160' title='bbox 159 1581 176 1621; x_wconf 85' lang='lat' dir='ltr'>e</span> <span class='ocrx_word' id='word_1_161' title='bbox 192 1564 299 1621; x_wconf 88' lang='lat' dir='ltr'>divinis</span> <span class='ocrx_word' id='word_1_162' title='bbox 313 1561 470 1634; x_wconf 76' lang='lat' dir='ltr'>scripturis</span> <span class='ocrx_word' id='word_1_163' title='bbox 485 1558 718 1615; x_wconf 89' lang='lat' dir='ltr'>didicerunt.Sin</span> <span class='ocrx_word' id='word_1_164' title='bbox 728 1573 794 1613; x_wconf 84' lang='lat' dir='ltr'>vero</span> <span class='ocrx_word' id='word_1_165' title='bbox 804 1555 986 1629; x_wconf 82' lang='lat' dir='ltr'>placet3quia</span> 
     </span>
     <span class='ocr_line' id='line_1_17' title="bbox 158 1643 985 1723; baseline -0.011 -13"><span class='ocrx_word' id='word_1_166' title='bbox 158 1653 238 1711; x_wconf 87' lang='lat' dir='ltr'>corde</span> <span class='ocrx_word' id='word_1_167' title='bbox 251 1652 372 1709; x_wconf 83' lang='lat' dir='ltr'>creditur</span> <span class='ocrx_word' id='word_1_168' title='bbox 384 1650 579 1723; x_wconf 84' lang='lat' dir='ltr'>adjustitiam,</span> <span class='ocrx_word' id='word_1_169' title='bbox 595 1664 641 1705; x_wconf 84' lang='lat' dir='ltr'>ors</span> <span class='ocrx_word' id='word_1_170' title='bbox 655 1656 746 1703; x_wconf 84' lang='lat' dir='ltr'>autem</span> <span class='ocrx_word' id='word_1_171' title='bbox 765 1646 897 1716; x_wconf 75' lang='lat' dir='ltr'>confessio</span> <span class='ocrx_word' id='word_1_172' title='bbox 906 1645 938 1716; x_wconf 76' lang='lat' dir='ltr'>fit</span> <span class='ocrx_word' id='word_1_173' title='bbox 949 1643 985 1701; x_wconf 86' lang='lat' dir='ltr'>ad</span> 
     </span>
     <span class='ocr_line' id='line_1_18' title="bbox 156 1735 984 1815; baseline -0.008 -17"><span class='ocrx_word' id='word_1_174' title='bbox 156 1743 275 1798; x_wconf 84' lang='lat' dir='ltr'>salutem</span> <span class='ocrx_word' id='word_1_175' title='bbox 285 1743 372 1815; x_wconf 80' lang='lat' dir='ltr'>(Rom.</span> <span class='ocrx_word' id='word_1_176' title='bbox 385 1757 413 1806; x_wconf 85' lang='lat' dir='ltr'>x,</span> <span class='ocrx_word' id='word_1_177' title='bbox 426 1741 489 1807; x_wconf 88' lang='lat'>10):</span> <span class='ocrx_word' id='word_1_178' title='bbox 502 1737 635 1794; x_wconf 84' lang='lat' dir='ltr'>instructi</span> <span class='ocrx_word' id='word_1_179' title='bbox 650 1735 756 1793; x_wconf 83' lang='lat' dir='ltr'>etenim</span> <span class='ocrx_word' id='word_1_180' title='bbox 773 1751 877 1791; x_wconf 89' lang='lat' dir='ltr'>sumus</span> <span class='ocrx_word' id='word_1_181' title='bbox 890 1739 918 1789; x_wconf 89' lang='lat' dir='ltr'>et</span> <span class='ocrx_word' id='word_1_182' title='bbox 932 1750 984 1805; x_wconf 87' lang='lat' dir='ltr'>pa·</span> 
     </span>
     <span class='ocr_line' id='line_1_19' title="bbox 156 1823 981 1902; baseline -0.008 -16"><span class='ocrx_word' id='word_1_183' title='bbox 156 1832 211 1888; x_wconf 85' lang='lat' dir='ltr'>rati</span> <span class='ocrx_word' id='word_1_184' title='bbox 227 1832 264 1887; x_wconf 86' lang='lat' dir='ltr'>ad</span> <span class='ocrx_word' id='word_1_185' title='bbox 279 1829 515 1902; x_wconf 89' lang='lat' dir='ltr'>respondendum</span> <span class='ocrx_word' id='word_1_186' title='bbox 527 1826 608 1883; x_wconf 86' lang='lat' dir='ltr'>omui</span> <span class='ocrx_word' id='word_1_187' title='bbox 622 1826 787 1899; x_wconf 90' lang='lat' dir='ltr'>exposcenti</span> <span class='ocrx_word' id='word_1_188' title='bbox 798 1825 834 1880; x_wconf 92' lang='lat' dir='ltr'>de</span> <span class='ocrx_word' id='word_1_189' title='bbox 845 1823 981 1880; x_wconf 81' lang='lat' dir='ltr'>nobisne·</span> 
     </span>
     <span class='ocr_line' id='line_1_20' title="bbox 155 1913 982 1989; baseline -0.008 -12"><span class='ocrx_word' id='word_1_190' title='bbox 155 1921 267 1977; x_wconf 89' lang='lat' dir='ltr'>tionem</span> <span class='ocrx_word' id='word_1_191' title='bbox 283 1921 318 1976; x_wconf 87' lang='lat' dir='ltr'>de</span> <span class='ocrx_word' id='word_1_192' title='bbox 333 1918 390 1975; x_wconf 85' lang='lat' dir='ltr'>fide</span> <span class='ocrx_word' id='word_1_193' title='bbox 405 1922 433 1974; x_wconf 93' lang='lat' dir='ltr'>at</span> <span class='ocrx_word' id='word_1_194' title='bbox 448 1932 499 1989; x_wconf 90' lang='lat' dir='ltr'>spe</span> <span class='ocrx_word' id='word_1_195' title='bbox 514 1933 578 1989; x_wconf 78' lang='lat' dir='ltr'>que</span> <span class='ocrx_word' id='word_1_196' title='bbox 595 1915 626 1971; x_wconf 91' lang='lat' dir='ltr'>in</span> <span class='ocrx_word' id='word_1_197' title='bbox 642 1914 726 1971; x_wconf 88' lang='lat' dir='ltr'>nohis</span> <span class='ocrx_word' id='word_1_198' title='bbox 740 1917 786 1970; x_wconf 88' lang='lat' dir='ltr'>est</span> <span class='ocrx_word' id='word_1_199' title='bbox 800 1913 822 1986; x_wconf 85' lang='lat' dir='ltr'>(l</span> <span class='ocrx_word' id='word_1_200' title='bbox 845 1913 922 1968; x_wconf 79' lang='lat' dir='ltr'>Patr.</span> <span class='ocrx_word' id='word_1_201' title='bbox 938 1928 982 1980; x_wconf 85' lang='grc' dir='ltr'>ιιι,</span> 
     </span>
     <span class='ocr_line' id='line_1_21' title="bbox 158 2001 981 2082; baseline -0.013 -15"><span class='ocrx_word' id='word_1_202' title='bbox 158 2010 265 2082; x_wconf 75' lang='lat' dir='ltr'>liltet</span> <span class='ocrx_word' id='word_1_203' title='bbox 284 2012 422 2081; x_wconf 80' lang='lat' dir='ltr'>praeterea</span> <span class='ocrx_word' id='word_1_204' title='bbox 445 2023 513 2062; x_wconf 90' lang='lat' dir='ltr'>cum</span> <span class='ocrx_word' id='word_1_205' title='bbox 538 2004 681 2061; x_wconf 86' lang='lat' dir='ltr'>Dominus</span> <span class='ocrx_word' id='word_1_206' title='bbox 705 2003 768 2075; x_wconf 90' lang='lat' dir='ltr'>ipse</span> <span class='ocrx_word' id='word_1_207' title='bbox 790 2006 876 2058; x_wconf 79' lang='lat' dir='ltr'>iesus</span> <span class='ocrx_word' id='word_1_208' title='bbox 892 2001 981 2071; x_wconf 89' lang='lat' dir='ltr'>dicat,</span> 
     </span>
    </p>
   </div>
   <div class='ocr_carea' id='block_1_5' title="bbox 13 2090 983 2170">
    <p class='ocr_par' dir='ltr' id='par_1_5' title="bbox 13 2090 983 2170">
     <span class='ocr_line' id='line_1_22' title="bbox 13 2090 983 2170; baseline -0.009 -14"><span class='ocrx_word' id='word_1_209' title='bbox 13 2134 16 2139; x_wconf 94' lang='lat'>-</span> <span class='ocrx_word' id='word_1_210' title='bbox 54 2114 63 2165; x_wconf 71' lang='lat' dir='ltr'><em>J</em></span> <span class='ocrx_word' id='word_1_211' title='bbox 154 2100 212 2170; x_wconf 82' lang='lat' dir='ltr'>Qui</span> <span class='ocrx_word' id='word_1_212' title='bbox 224 2115 269 2153; x_wconf 87' lang='lat' dir='ltr'>me</span> <span class='ocrx_word' id='word_1_213' title='bbox 282 2098 422 2169; x_wconf 74' lang='lat' dir='ltr'>consessus</span> <span class='ocrx_word' id='word_1_214' title='bbox 447 2096 533 2169; x_wconf 77' lang='lat' dir='ltr'>suerit</span> <span class='ocrx_word' id='word_1_215' title='bbox 555 2110 648 2151; x_wconf 90' lang='lat' dir='ltr'>corom</span> <span class='ocrx_word' id='word_1_216' title='bbox 663 2092 822 2157; x_wconf 81' lang='lat' dir='ltr'>homnibus,</span> <span class='ocrx_word' id='word_1_217' title='bbox 836 2090 983 2161; x_wconf 77' lang='lat' dir='ltr'>confitetor</span> 
     </span>
    </p>
   </div>
   <div class='ocr_carea' id='block_1_6' title="bbox 153 2185 981 2440">
    <p class='ocr_par' dir='ltr' id='par_1_6' title="bbox 153 2185 981 2440">
     <span class='ocr_line' id='line_1_23' title="bbox 153 2185 979 2263; baseline -0.011 -14"><span class='ocrx_word' id='word_1_218' title='bbox 153 2199 179 2249; x_wconf 84' lang='lat' dir='ltr'>st</span> <span class='ocrx_word' id='word_1_219' title='bbox 193 2207 241 2263; x_wconf 82' lang='lat' dir='ltr'>epo</span> <span class='ocrx_word' id='word_1_220' title='bbox 252 2207 314 2247; x_wconf 87' lang='lat' dir='ltr'>eum</span> <span class='ocrx_word' id='word_1_221' title='bbox 327 2206 419 2246; x_wconf 89' lang='lat' dir='ltr'>coram</span> <span class='ocrx_word' id='word_1_222' title='bbox 427 2192 578 2245; x_wconf 83' lang='lat' dir='ltr'>Patremoo</span> <span class='ocrx_word' id='word_1_223' title='bbox 587 2187 635 2259; x_wconf 82' lang='lat' dir='ltr'>oui</span> <span class='ocrx_word' id='word_1_224' title='bbox 648 2188 686 2242; x_wconf 84' lang='lat' dir='ltr'>cst</span> <span class='ocrx_word' id='word_1_225' title='bbox 703 2187 733 2241; x_wconf 87' lang='lat' dir='ltr'>in</span> <span class='ocrx_word' id='word_1_226' title='bbox 747 2185 921 2256; x_wconf 67' lang='lat' dir='ltr'>catinstort</span> <span class='ocrx_word' id='word_1_227' title='bbox 928 2199 979 2240; x_wconf 74' lang='lat' dir='ltr'>oss·</span> 
     </span>
     <span class='ocr_line' id='line_1_24' title="bbox 153 2278 981 2352; baseline -0.008 -16"><span class='ocrx_word' id='word_1_228' title='bbox 153 2283 259 2352; x_wconf 82' lang='lat' dir='ltr'>paverit</span> <span class='ocrx_word' id='word_1_229' title='bbox 273 2295 418 2336; x_wconf 85' lang='lat' dir='ltr'>mccorom</span> <span class='ocrx_word' id='word_1_230' title='bbox 425 2279 581 2345; x_wconf 78' lang='lat' dir='ltr'>homnibus,</span> <span class='ocrx_word' id='word_1_231' title='bbox 591 2278 699 2350; x_wconf 75' lang='lat' dir='ltr'>neooio</span> <span class='ocrx_word' id='word_1_232' title='bbox 714 2279 741 2331; x_wconf 87' lang='lat' dir='ltr'>et</span> <span class='ocrx_word' id='word_1_233' title='bbox 757 2290 804 2347; x_wconf 73' lang='lat' dir='ltr'>epo</span> <span class='ocrx_word' id='word_1_234' title='bbox 814 2291 877 2331; x_wconf 86' lang='lat' dir='ltr'>cum</span> <span class='ocrx_word' id='word_1_235' title='bbox 886 2290 981 2330; x_wconf 86' lang='lat' dir='ltr'>coram</span> 
     </span>
     <span class='ocr_line' id='line_1_25' title="bbox 154 2363 979 2440; baseline -0.006 -16"><span class='ocrx_word' id='word_1_236' title='bbox 154 2373 244 2426; x_wconf 84' lang='lat' dir='ltr'>Patre</span> <span class='ocrx_word' id='word_1_237' title='bbox 265 2385 325 2425; x_wconf 84' lang='lat' dir='ltr'>mco</span> <span class='ocrx_word' id='word_1_238' title='bbox 340 2370 389 2440; x_wconf 80' lang='lat' dir='ltr'>qui</span> <span class='ocrx_word' id='word_1_239' title='bbox 406 2371 436 2423; x_wconf 86' lang='lat' dir='ltr'>in</span> <span class='ocrx_word' id='word_1_240' title='bbox 449 2365 530 2424; x_wconf 82' lang='lat' dir='ltr'>coelis</span> <span class='ocrx_word' id='word_1_241' title='bbox 544 2374 584 2423; x_wconf 86' lang='lat' dir='ltr'>est</span> <span class='ocrx_word' id='word_1_242' title='bbox 596 2366 701 2434; x_wconf 79' lang='lat' dir='ltr'>(haut.</span> <span class='ocrx_word' id='word_1_243' title='bbox 718 2382 744 2420; x_wconf 82' lang='lat' dir='ltr'>x.</span> <span class='ocrx_word' id='word_1_244' title='bbox 761 2364 807 2431; x_wconf 78' lang='lat'>32,</span> <span class='ocrx_word' id='word_1_245' title='bbox 823 2363 868 2436; x_wconf 76' lang='lat'>23)</span> <span class='ocrx_word' id='word_1_246' title='bbox 880 2380 887 2420; x_wconf 74' lang='grc' dir='ltr'>ι</span> <span class='ocrx_word' id='word_1_247' title='bbox 899 2363 979 2419; x_wconf 89' lang='lat' dir='ltr'>istud</span> 
     </span>
    </p>
   </div>
   <div class='ocr_carea' id='block_1_7' title="bbox 36 2452 978 2530">
    <p class='ocr_par' dir='ltr' id='par_1_7' title="bbox 36 2452 978 2530">
     <span class='ocr_line' id='line_1_26' title="bbox 36 2452 978 2530; baseline -0.011 -11"><span class='ocrx_word' id='word_1_248' title='bbox 36 2504 41 2519; x_wconf 91' lang='lat'><em>.</em></span> <span class='ocrx_word' id='word_1_249' title='bbox 155 2457 317 2530; x_wconf 88' lang='lat' dir='ltr'>periculum</span> <span class='ocrx_word' id='word_1_250' title='bbox 332 2458 450 2522; x_wconf 88' lang='lat' dir='ltr'>timens,</span> <span class='ocrx_word' id='word_1_251' title='bbox 466 2455 601 2528; x_wconf 87' lang='lat' dir='ltr'>quamvis</span> <span class='ocrx_word' id='word_1_252' title='bbox 625 2455 703 2528; x_wconf 79' lang='lat' dir='ltr'>leges</span> <span class='ocrx_word' id='word_1_253' title='bbox 731 2452 896 2526; x_wconf 84' lang='lat' dir='ltr'>imperiales</span> <span class='ocrx_word' id='word_1_254' title='bbox 921 2468 978 2509; x_wconf 88' lang='lat' dir='ltr'>uon</span> 
     </span>
    </p>
   </div>
   <div class='ocr_carea' id='block_1_8' title="bbox 153 2540 980 2886">
    <p class='ocr_par' dir='ltr' id='par_1_8' title="bbox 153 2540 980 2886">
     <span class='ocr_line' id='line_1_27' title="bbox 155 2540 979 2619; baseline -0.006 -17"><span class='ocrx_word' id='word_1_255' title='bbox 155 2546 269 2619; x_wconf 80' lang='lat' dir='ltr'>ignoro,</span> <span class='ocrx_word' id='word_1_256' title='bbox 296 2550 394 2602; x_wconf 88' lang='lat' dir='ltr'>tamen</span> <span class='ocrx_word' id='word_1_257' title='bbox 418 2550 563 2617; x_wconf 78' lang='lat' dir='ltr'>precepto</span> <span class='ocrx_word' id='word_1_258' title='bbox 586 2542 744 2601; x_wconf 74' lang='lat' dir='ltr'>salvatoris</span> <span class='ocrx_word' id='word_1_259' title='bbox 773 2542 905 2613; x_wconf 84' lang='lat' dir='ltr'>edoctus,</span> <span class='ocrx_word' id='word_1_260' title='bbox 928 2540 979 2613; x_wconf 88' lang='lat' dir='ltr'>qui</span> 
     </span>
     <span class='ocr_line' id='line_1_28' title="bbox 155 2630 980 2706; baseline -0.007 -14"><span class='ocrx_word' id='word_1_261' title='bbox 155 2636 272 2692; x_wconf 91' lang='lat' dir='ltr'>monuit</span> <span class='ocrx_word' id='word_1_262' title='bbox 288 2651 340 2691; x_wconf 88' lang='lat' dir='ltr'>nos</span> <span class='ocrx_word' id='word_1_263' title='bbox 359 2639 386 2691; x_wconf 90' lang='lat' dir='ltr'>et</span> <span class='ocrx_word' id='word_1_264' title='bbox 402 2633 486 2700; x_wconf 81' lang='lat' dir='ltr'>dixit,</span> <span class='ocrx_word' id='word_1_265' title='bbox 498 2634 586 2691; x_wconf 84' lang='lat' dir='ltr'>Nolite</span> <span class='ocrx_word' id='word_1_266' title='bbox 600 2635 697 2689; x_wconf 84' lang='lat' dir='ltr'>timere</span> <span class='ocrx_word' id='word_1_267' title='bbox 715 2648 759 2689; x_wconf 86' lang='lat' dir='ltr'>cos</span> <span class='ocrx_word' id='word_1_268' title='bbox 781 2633 831 2706; x_wconf 80' lang='lat' dir='ltr'>qui</span> <span class='ocrx_word' id='word_1_269' title='bbox 852 2630 980 2687; x_wconf 86' lang='lat' dir='ltr'>occidunt</span> 
     </span>
     <span class='ocr_line' id='line_1_29' title="bbox 153 2719 978 2797; baseline -0.008 -15"><span class='ocrx_word' id='word_1_270' title='bbox 153 2739 265 2797; x_wconf 84' lang='lat' dir='ltr'>corpus,</span> <span class='ocrx_word' id='word_1_271' title='bbox 275 2726 400 2780; x_wconf 77' lang='lat' dir='ltr'>animone</span> <span class='ocrx_word' id='word_1_272' title='bbox 407 2732 500 2779; x_wconf 84' lang='lat' dir='ltr'>cutem</span> <span class='ocrx_word' id='word_1_273' title='bbox 509 2738 565 2779; x_wconf 82' lang='lat' dir='ltr'>non</span> <span class='ocrx_word' id='word_1_274' title='bbox 571 2725 682 2793; x_wconf 83' lang='lat' dir='ltr'>possunt</span> <span class='ocrx_word' id='word_1_275' title='bbox 692 2722 817 2778; x_wconf 72' lang='lat' dir='ltr'>occidere</span> <span class='ocrx_word' id='word_1_276' title='bbox 827 2719 908 2793; x_wconf 81' lang='lat' dir='ltr'>(ibid.</span> <span class='ocrx_word' id='word_1_277' title='bbox 920 2720 978 2792; x_wconf 74' lang='lat' dir='ltr'>28lr</span> 
     </span>
     <span class='ocr_line' id='line_1_30' title="bbox 155 2810 978 2886; baseline -0.006 -16"><span class='ocrx_word' id='word_1_278' title='bbox 155 2814 316 2886; x_wconf 86' lang='lat' dir='ltr'>respondeo</span> <span class='ocrx_word' id='word_1_279' title='bbox 332 2812 480 2869; x_wconf 84' lang='lat' dir='ltr'>evidenter</span> <span class='ocrx_word' id='word_1_280' title='bbox 496 2827 503 2866; x_wconf 91' lang='lat'>:</span> <span class='ocrx_word' id='word_1_281' title='bbox 518 2810 610 2867; x_wconf 82' lang='lat' dir='ltr'>Credo</span> <span class='ocrx_word' id='word_1_282' title='bbox 629 2810 707 2881; x_wconf 93' lang='lat' dir='ltr'>quod</span> <span class='ocrx_word' id='word_1_283' title='bbox 737 2826 814 2865; x_wconf 89' lang='lat' dir='ltr'>unus</span> <span class='ocrx_word' id='word_1_284' title='bbox 838 2813 884 2865; x_wconf 86' lang='lat' dir='ltr'>est</span> <span class='ocrx_word' id='word_1_285' title='bbox 902 2814 978 2865; x_wconf 86' lang='lat' dir='ltr'>Deus</span> 
     </span>
    </p>
   </div>
   <div class='ocr_carea' id='block_1_9' title="bbox 16 2898 978 2974">
    <p class='ocr_par' dir='ltr' id='par_1_9' title="bbox 16 2898 978 2974">
     <span class='ocr_line' id='line_1_31' title="bbox 16 2898 978 2974; baseline 0.005 -23"><span class='ocrx_word' id='word_1_286' title='bbox 16 2928 22 2951; x_wconf 88' lang='lat'>·.</span> <span class='ocrx_word' id='word_1_287' title='bbox 67 2900 73 2951; x_wconf 88' lang='grc'>“.</span> <span class='ocrx_word' id='word_1_288' title='bbox 154 2901 249 2972; x_wconf 85' lang='lat' dir='ltr'>Pater,</span> <span class='ocrx_word' id='word_1_289' title='bbox 265 2901 315 2974; x_wconf 92' lang='lat' dir='ltr'>qui</span> <span class='ocrx_word' id='word_1_290' title='bbox 335 2898 447 2957; x_wconf 86' lang='lat' dir='ltr'>anullo</span> <span class='ocrx_word' id='word_1_291' title='bbox 461 2901 550 2956; x_wconf 86' lang='lat' dir='ltr'>vitam</span> <span class='ocrx_word' id='word_1_292' title='bbox 571 2898 698 2972; x_wconf 88' lang='lat' dir='ltr'>accepit;</span> <span class='ocrx_word' id='word_1_293' title='bbox 714 2903 742 2954; x_wconf 88' lang='lat' dir='ltr'>st</span> <span class='ocrx_word' id='word_1_294' title='bbox 757 2898 826 2971; x_wconf 88' lang='lat' dir='ltr'>quia</span> <span class='ocrx_word' id='word_1_295' title='bbox 841 2915 919 2955; x_wconf 91' lang='lat' dir='ltr'>unus</span> <span class='ocrx_word' id='word_1_296' title='bbox 933 2904 978 2956; x_wconf 88' lang='lat' dir='ltr'>est</span> 
     </span>
    </p>
   </div>
   <div class='ocr_carea' id='block_1_10' title="bbox 152 2987 977 3064">
    <p class='ocr_par' dir='ltr' id='par_1_10' title="bbox 152 2987 977 3064">
     <span class='ocr_line' id='line_1_32' title="bbox 152 2987 977 3064; baseline -0.002 -17"><span class='ocrx_word' id='word_1_297' title='bbox 152 2989 254 3058; x_wconf 75' lang='lat' dir='ltr'>Filius,</span> <span class='ocrx_word' id='word_1_298' title='bbox 271 2991 321 3064; x_wconf 91' lang='lat' dir='ltr'>qui</span> <span class='ocrx_word' id='word_1_299' title='bbox 341 2991 419 3061; x_wconf 92' lang='lat' dir='ltr'>quod</span> <span class='ocrx_word' id='word_1_300' title='bbox 434 2994 478 3046; x_wconf 90' lang='lat' dir='ltr'>est</span> <span class='ocrx_word' id='word_1_301' title='bbox 506 2997 532 3045; x_wconf 86' lang='lat' dir='ltr'>et</span> <span class='ocrx_word' id='word_1_302' title='bbox 547 2989 623 3060; x_wconf 86' lang='lat' dir='ltr'>quod</span> <span class='ocrx_word' id='word_1_303' title='bbox 639 2988 719 3055; x_wconf 85' lang='lat' dir='ltr'>vivit,</span> <span class='ocrx_word' id='word_1_304' title='bbox 735 3005 753 3044; x_wconf 90' lang='lat' dir='ltr'>a</span> <span class='ocrx_word' id='word_1_305' title='bbox 768 2991 852 3043; x_wconf 84' lang='lat' dir='ltr'>Patre</span> <span class='ocrx_word' id='word_1_306' title='bbox 868 2987 977 3062; x_wconf 81' lang='lat' dir='ltr'>accepit</span> 
     </span>
    </p>
   </div>
   <div class='ocr_carea' id='block_1_11' title="bbox 14 3077 976 3151">
    <p class='ocr_par' dir='ltr' id='par_1_11' title="bbox 14 3074 976 3151">
     <span class='ocr_line' id='line_1_33' title="bbox 14 3077 976 3151; baseline 0 -18"><span class='ocrx_word' id='word_1_307' title='bbox 14 3138 18 3145; x_wconf 68' lang='grc'>,</span> <span class='ocrx_word' id='word_1_308' title='bbox 152 3083 186 3135; x_wconf 90' lang='lat' dir='ltr'>ut</span> <span class='ocrx_word' id='word_1_309' title='bbox 200 3083 295 3147; x_wconf 86' lang='lat' dir='ltr'>esset;</span> <span class='ocrx_word' id='word_1_310' title='bbox 320 3082 349 3134; x_wconf 92' lang='lat' dir='ltr'>et</span> <span class='ocrx_word' id='word_1_311' title='bbox 373 3078 443 3151; x_wconf 89' lang='lat' dir='ltr'>quia</span> <span class='ocrx_word' id='word_1_312' title='bbox 468 3095 543 3134; x_wconf 89' lang='lat' dir='ltr'>unus</span> <span class='ocrx_word' id='word_1_313' title='bbox 557 3082 603 3134; x_wconf 89' lang='lat' dir='ltr'>est</span> <span class='ocrx_word' id='word_1_314' title='bbox 616 3077 741 3150; x_wconf 86' lang='lat' dir='ltr'>Spiritus</span> <span class='ocrx_word' id='word_1_315' title='bbox 756 3081 877 3133; x_wconf 85' lang='lat' dir='ltr'>sanctus</span> <span class='ocrx_word' id='word_1_316' title='bbox 893 3094 976 3149; x_wconf 87' lang='lat' dir='ltr'>para·</span> 
     </span>
    </p>
   </div>
   <div class='ocr_carea' id='block_1_12' title="bbox 56 3165 976 3417">
    <p class='ocr_par' dir='ltr' id='par_1_12' title="bbox 56 3165 976 3417">
     <span class='ocr_line' id='line_1_34' title="bbox 56 3165 976 3240; baseline -0.007 -13"><span class='ocrx_word' id='word_1_317' title='bbox 56 3188 67 3227; x_wconf 81' lang='lat'>.¹</span> <span class='ocrx_word' id='word_1_318' title='bbox 151 3166 256 3229; x_wconf 80' lang='lat' dir='ltr'>cletus.</span> <span class='ocrx_word' id='word_1_319' title='bbox 271 3168 379 3240; x_wconf 85' lang='lat' dir='ltr'>quiesi</span> <span class='ocrx_word' id='word_1_320' title='bbox 394 3165 575 3223; x_wconf 86' lang='lat' dir='ltr'>illuminator</span> <span class='ocrx_word' id='word_1_321' title='bbox 594 3169 622 3222; x_wconf 85' lang='lat' dir='ltr'>et</span> <span class='ocrx_word' id='word_1_322' title='bbox 646 3166 843 3223; x_wconf 83' lang='lat' dir='ltr'>sanctificator</span> <span class='ocrx_word' id='word_1_323' title='bbox 863 3166 976 3222; x_wconf 88' lang='lat' dir='ltr'>anima·</span> 
     </span>
     <span class='ocr_line' id='line_1_35' title="bbox 151 3254 973 3327; baseline 0 -15"><span class='ocrx_word' id='word_1_324' title='bbox 151 3272 217 3313; x_wconf 89' lang='lat' dir='ltr'>rum</span> <span class='ocrx_word' id='word_1_325' title='bbox 231 3261 408 3312; x_wconf 88' lang='lat' dir='ltr'>nostrarum.</span> <span class='ocrx_word' id='word_1_326' title='bbox 420 3256 455 3312; x_wconf 83' lang='lat' dir='ltr'>Et</span> <span class='ocrx_word' id='word_1_327' title='bbox 468 3254 523 3311; x_wconf 91' lang='lat' dir='ltr'>hoo</span> <span class='ocrx_word' id='word_1_328' title='bbox 538 3255 574 3310; x_wconf 87' lang='lat' dir='ltr'>de</span> <span class='ocrx_word' id='word_1_329' title='bbox 589 3254 696 3312; x_wconf 87' lang='lat' dir='ltr'>divinis</span> <span class='ocrx_word' id='word_1_330' title='bbox 706 3254 854 3327; x_wconf 88' lang='lat' dir='ltr'>Scoipuris</span> <span class='ocrx_word' id='word_1_331' title='bbox 864 3270 973 3312; x_wconf 85' lang='lat' dir='ltr'>assero.</span> 
     </span>
     <span class='ocr_line' id='line_1_36' title="bbox 151 3342 975 3417; baseline -0.001 -16"><span class='ocrx_word' id='word_1_332' title='bbox 151 3344 292 3416; x_wconf 87' lang='lat' dir='ltr'>Sijubcs,</span> <span class='ocrx_word' id='word_1_333' title='bbox 314 3361 474 3417; x_wconf 90' lang='lat' dir='ltr'>prosequor</span> <span class='ocrx_word' id='word_1_334' title='bbox 501 3342 669 3400; x_wconf 84' lang='lat' dir='ltr'>testimonis</span> <span class='ocrx_word' id='word_1_335' title='bbox 684 3360 691 3399; x_wconf 73' lang='grc' dir='ltr'><em>τ</em></span> <span class='ocrx_word' id='word_1_336' title='bbox 709 3342 734 3400; x_wconf 91' lang='lat' dir='ltr'>si</span> <span class='ocrx_word' id='word_1_337' title='bbox 758 3344 787 3399; x_wconf 92' lang='lat' dir='ltr'>in</span> <span class='ocrx_word' id='word_1_338' title='bbox 811 3343 910 3417; x_wconf 88' lang='lat' dir='ltr'>aliquo</span> <span class='ocrx_word' id='word_1_339' title='bbox 933 3360 975 3400; x_wconf 91' lang='lat' dir='ltr'>re·</span> 
     </span>
    </p>
   </div>
   <div class='ocr_carea' id='block_1_13' title="bbox 1026 1019 1871 3406">
    <p class='ocr_par' dir='ltr' id='par_1_13' title="bbox 1036 1019 1871 1538">
     <span class='ocr_line' id='line_1_37' title="bbox 1041 1019 1869 1098; baseline 0.011 -25"><span class='ocrx_word' id='word_1_340' title='bbox 1041 1019 1143 1076; x_wconf 88' lang='lat' dir='ltr'>nitatis</span> <span class='ocrx_word' id='word_1_341' title='bbox 1155 1036 1162 1076; x_wconf 90' lang='lat'>:</span> <span class='ocrx_word' id='word_1_342' title='bbox 1174 1037 1192 1076; x_wconf 86' lang='lat' dir='ltr'>a</span> <span class='ocrx_word' id='word_1_343' title='bbox 1206 1040 1262 1093; x_wconf 80' lang='lat' dir='ltr'>quo</span> <span class='ocrx_word' id='word_1_344' title='bbox 1282 1029 1468 1092; x_wconf 82' lang='lat' dir='ltr'>consecutus,</span> <span class='ocrx_word' id='word_1_345' title='bbox 1485 1025 1545 1082; x_wconf 86' lang='lat' dir='ltr'>sive</span> <span class='ocrx_word' id='word_1_346' title='bbox 1567 1025 1674 1081; x_wconf 88' lang='lat' dir='ltr'>beatus</span> <span class='ocrx_word' id='word_1_347' title='bbox 1697 1023 1869 1098; x_wconf 80' lang='lat' dir='ltr'>Apostolus,</span> 
     </span>
     <span class='ocr_line' id='line_1_38' title="bbox 1040 1106 1871 1187; baseline 0.012 -25"><span class='ocrx_word' id='word_1_348' title='bbox 1040 1106 1101 1165; x_wconf 87' lang='lat' dir='ltr'>sive</span> <span class='ocrx_word' id='word_1_349' title='bbox 1115 1109 1204 1168; x_wconf 88' lang='lat' dir='ltr'>etiam</span> <span class='ocrx_word' id='word_1_350' title='bbox 1224 1129 1327 1170; x_wconf 89' lang='lat' dir='ltr'>omnes</span> <span class='ocrx_word' id='word_1_351' title='bbox 1341 1114 1446 1185; x_wconf 85' lang='lat' dir='ltr'>saneti,</span> <span class='ocrx_word' id='word_1_352' title='bbox 1472 1113 1641 1171; x_wconf 81' lang='lat' dir='ltr'>illuminent</span> <span class='ocrx_word' id='word_1_353' title='bbox 1662 1113 1783 1187; x_wconf 89' lang='lat' dir='ltr'>quidem</span> <span class='ocrx_word' id='word_1_354' title='bbox 1807 1129 1871 1172; x_wconf 88' lang='lat' dir='ltr'>cre·</span> 
     </span>
     <span class='ocr_line' id='line_1_39' title="bbox 1038 1198 1869 1266; baseline 0.008 -13"><span class='ocrx_word' id='word_1_355' title='bbox 1038 1198 1152 1266; x_wconf 89' lang='lat' dir='ltr'>dentes,</span> <span class='ocrx_word' id='word_1_356' title='bbox 1169 1200 1220 1257; x_wconf 87' lang='lat' dir='ltr'>sed</span> <span class='ocrx_word' id='word_1_357' title='bbox 1246 1201 1306 1259; x_wconf 83' lang='lat' dir='ltr'>haec</span> <span class='ocrx_word' id='word_1_358' title='bbox 1331 1201 1508 1260; x_wconf 88' lang='lat' dir='ltr'>illuminatio</span> <span class='ocrx_word' id='word_1_359' title='bbox 1532 1204 1568 1260; x_wconf 92' lang='lat' dir='ltr'>ad</span> <span class='ocrx_word' id='word_1_360' title='bbox 1593 1219 1685 1259; x_wconf 90' lang='lat' dir='ltr'>unum</span> <span class='ocrx_word' id='word_1_361' title='bbox 1716 1208 1869 1260; x_wconf 77' lang='lat' dir='ltr'>auctorem</span> 
     </span>
     <span class='ocr_line' id='line_1_40' title="bbox 1038 1287 1870 1365; baseline 0.012 -25"><span class='ocrx_word' id='word_1_362' title='bbox 1038 1287 1171 1343; x_wconf 89' lang='lat' dir='ltr'>recurrit.</span> <span class='ocrx_word' id='word_1_363' title='bbox 1186 1289 1221 1345; x_wconf 80' lang='lat' dir='ltr'>Et</span> <span class='ocrx_word' id='word_1_364' title='bbox 1234 1306 1268 1347; x_wconf 87' lang='lat' dir='ltr'>ea</span> <span class='ocrx_word' id='word_1_365' title='bbox 1283 1291 1319 1347; x_wconf 85' lang='lat' dir='ltr'>de</span> <span class='ocrx_word' id='word_1_366' title='bbox 1331 1308 1421 1348; x_wconf 86' lang='lat' dir='ltr'>causa</span> <span class='ocrx_word' id='word_1_367' title='bbox 1432 1292 1548 1349; x_wconf 87' lang='lat' dir='ltr'>dicebat</span> <span class='ocrx_word' id='word_1_368' title='bbox 1563 1292 1706 1365; x_wconf 88' lang='lat' dir='ltr'>propheta</span> <span class='ocrx_word' id='word_1_369' title='bbox 1718 1309 1724 1347; x_wconf 95' lang='lat'><strong>:</strong></span> <span class='ocrx_word' id='word_1_370' title='bbox 1736 1294 1870 1350; x_wconf 76' lang='lat' dir='ltr'>doninus</span> 
     </span>
     <span class='ocr_line' id='line_1_41' title="bbox 1037 1374 1868 1456; baseline 0.012 -27"><span class='ocrx_word' id='word_1_371' title='bbox 1037 1374 1208 1435; x_wconf 84' lang='lat' dir='ltr'>illuminatio</span> <span class='ocrx_word' id='word_1_372' title='bbox 1223 1396 1294 1448; x_wconf 88' lang='lat' dir='ltr'>mea,</span> <span class='ocrx_word' id='word_1_373' title='bbox 1308 1390 1336 1437; x_wconf 86' lang='lat' dir='ltr'>st</span> <span class='ocrx_word' id='word_1_374' title='bbox 1355 1381 1432 1437; x_wconf 82' lang='lat' dir='ltr'>solue</span> <span class='ocrx_word' id='word_1_375' title='bbox 1448 1398 1512 1438; x_wconf 88' lang='lat' dir='ltr'>meo</span> <span class='ocrx_word' id='word_1_376' title='bbox 1521 1398 1532 1445; x_wconf 92' lang='lat'>,·</span> <span class='ocrx_word' id='word_1_377' title='bbox 1556 1397 1637 1456; x_wconf 79' lang='lat' dir='ltr'>quem</span> <span class='ocrx_word' id='word_1_378' title='bbox 1664 1380 1763 1439; x_wconf 81' lang='lat' dir='ltr'>timebo</span> <span class='ocrx_word' id='word_1_379' title='bbox 1776 1381 1868 1455; x_wconf 80' lang='lat' dir='ltr'>(Psoi.</span> 
     </span>
     <span class='ocr_line' id='line_1_42' title="bbox 1036 1466 1177 1538; baseline 0.007 -19"><span class='ocrx_word' id='word_1_380' title='bbox 1036 1479 1114 1532; x_wconf 79' lang='lat' dir='ltr'>xxvi,</span> <span class='ocrx_word' id='word_1_381' title='bbox 1131 1466 1177 1538; x_wconf 74' lang='lat' dir='ltr'>ll!</span> 
     </span>
    </p>

    <p class='ocr_par' dir='ltr' id='par_1_14' title="bbox 1034 1555 1868 1988">
     <span class='ocr_line' id='line_1_43' title="bbox 1071 1555 1867 1634; baseline 0.011 -25"><span class='ocrx_word' id='word_1_382' title='bbox 1071 1555 1098 1609; x_wconf 85' lang='grc'>6.</span> <span class='ocrx_word' id='word_1_383' title='bbox 1112 1557 1185 1613; x_wconf 82' lang='lat' dir='ltr'>hun.</span> <span class='ocrx_word' id='word_1_384' title='bbox 1202 1556 1275 1614; x_wconf 83' lang='lat' dir='ltr'>dixit</span> <span class='ocrx_word' id='word_1_385' title='bbox 1286 1575 1292 1614; x_wconf 95' lang='lat'>:</span> <span class='ocrx_word' id='word_1_386' title='bbox 1305 1560 1364 1633; x_wconf 82' lang='lat' dir='ltr'>Ego</span> <span class='ocrx_word' id='word_1_387' title='bbox 1380 1576 1437 1616; x_wconf 88' lang='lat' dir='ltr'>non</span> <span class='ocrx_word' id='word_1_388' title='bbox 1455 1576 1528 1634; x_wconf 84' lang='lat' dir='ltr'>nego</span> <span class='ocrx_word' id='word_1_389' title='bbox 1543 1559 1713 1617; x_wconf 83' lang='lat' dir='ltr'>illuminare</span> <span class='ocrx_word' id='word_1_390' title='bbox 1723 1560 1867 1634; x_wconf 88' lang='lat' dir='ltr'>Spiritum</span> 
     </span>
     <span class='ocr_line' id='line_1_44' title="bbox 1036 1647 1868 1724; baseline 0.016 -28"><span class='ocrx_word' id='word_1_391' title='bbox 1036 1647 1172 1700; x_wconf 86' lang='lat' dir='ltr'>sanctum</span> <span class='ocrx_word' id='word_1_392' title='bbox 1191 1661 1198 1701; x_wconf 92' lang='lat'>:</span> <span class='ocrx_word' id='word_1_393' title='bbox 1224 1648 1274 1703; x_wconf 89' lang='lat' dir='ltr'>sed</span> <span class='ocrx_word' id='word_1_394' title='bbox 1291 1654 1389 1705; x_wconf 91' lang='lat' dir='ltr'>utrum</span> <span class='ocrx_word' id='word_1_395' title='bbox 1408 1653 1437 1705; x_wconf 88' lang='lat' dir='ltr'>et</span> <span class='ocrx_word' id='word_1_396' title='bbox 1455 1648 1590 1707; x_wconf 82' lang='lat' dir='ltr'>Christus</span> <span class='ocrx_word' id='word_1_397' title='bbox 1610 1649 1819 1724; x_wconf 85' lang='lat' dir='ltr'>illuminetper</span> <span class='ocrx_word' id='word_1_398' title='bbox 1833 1667 1868 1709; x_wconf 85' lang='lat' dir='ltr'>se</span> 
     </span>
     <span class='ocr_line' id='line_1_45' title="bbox 1036 1729 1867 1813; baseline 0.016 -28"><span class='ocrx_word' id='word_1_399' title='bbox 1036 1729 1144 1801; x_wconf 86' lang='lat' dir='ltr'>ipsum,</span> <span class='ocrx_word' id='word_1_400' title='bbox 1159 1738 1188 1789; x_wconf 86' lang='lat' dir='ltr'>et</span> <span class='ocrx_word' id='word_1_401' title='bbox 1203 1735 1287 1792; x_wconf 87' lang='lat' dir='ltr'>Pater</span> <span class='ocrx_word' id='word_1_402' title='bbox 1298 1736 1443 1794; x_wconf 84' lang='lat' dir='ltr'>illuminet</span> <span class='ocrx_word' id='word_1_403' title='bbox 1454 1755 1504 1812; x_wconf 92' lang='lat' dir='ltr'>per</span> <span class='ocrx_word' id='word_1_404' title='bbox 1518 1755 1550 1796; x_wconf 91' lang='lat' dir='ltr'>se</span> <span class='ocrx_word' id='word_1_405' title='bbox 1565 1739 1675 1813; x_wconf 85' lang='lat' dir='ltr'>ipsum,</span> <span class='ocrx_word' id='word_1_406' title='bbox 1696 1758 1733 1797; x_wconf 90' lang='lat' dir='ltr'>en</span> <span class='ocrx_word' id='word_1_407' title='bbox 1751 1758 1810 1798; x_wconf 90' lang='lat' dir='ltr'>nou</span> <span class='ocrx_word' id='word_1_408' title='bbox 1831 1741 1867 1798; x_wconf 89' lang='lat' dir='ltr'>it·</span> 
     </span>
     <span class='ocr_line' id='line_1_46' title="bbox 1034 1817 1864 1900; baseline 0.019 -27"><span class='ocrx_word' id='word_1_409' title='bbox 1034 1817 1180 1878; x_wconf 85' lang='lat' dir='ltr'>luminant</span> <span class='ocrx_word' id='word_1_410' title='bbox 1194 1824 1242 1880; x_wconf 86' lang='lat' dir='ltr'>isti</span> <span class='ocrx_word' id='word_1_411' title='bbox 1256 1824 1312 1883; x_wconf 87' lang='lat' dir='ltr'>nisi</span> <span class='ocrx_word' id='word_1_412' title='bbox 1328 1843 1379 1899; x_wconf 91' lang='lat' dir='ltr'>per</span> <span class='ocrx_word' id='word_1_413' title='bbox 1402 1827 1546 1900; x_wconf 90' lang='lat' dir='ltr'>Spiritum</span> <span class='ocrx_word' id='word_1_414' title='bbox 1568 1834 1704 1887; x_wconf 87' lang='lat' dir='ltr'>sanctum</span> <span class='ocrx_word' id='word_1_415' title='bbox 1721 1846 1728 1888; x_wconf 91' lang='lat'>:</span> <span class='ocrx_word' id='word_1_416' title='bbox 1746 1831 1801 1888; x_wconf 87' lang='lat' dir='ltr'>hoc</span> <span class='ocrx_word' id='word_1_417' title='bbox 1816 1847 1864 1889; x_wconf 90' lang='lat' dir='ltr'>re·</span> 
     </span>
     <span class='ocr_line' id='line_1_47' title="bbox 1034 1909 1503 1988; baseline 0.023 -25"><span class='ocrx_word' id='word_1_418' title='bbox 1034 1909 1141 1981; x_wconf 79' lang='lat' dir='ltr'>quisivi</span> <span class='ocrx_word' id='word_1_419' title='bbox 1156 1912 1289 1981; x_wconf 85' lang='lat' dir='ltr'>breviter.</span> <span class='ocrx_word' id='word_1_420' title='bbox 1307 1915 1362 1972; x_wconf 91' lang='lat' dir='ltr'>hoc</span> <span class='ocrx_word' id='word_1_421' title='bbox 1378 1916 1503 1988; x_wconf 88' lang='lat' dir='ltr'>requiro.</span> 
     </span>
    </p>

    <p class='ocr_par' dir='ltr' id='par_1_15' title="bbox 1026 1992 1864 3406">
     <span class='ocr_line' id='line_1_48' title="bbox 1069 1992 1864 2083; baseline 0.015 -27"><span class='ocrx_word' id='word_1_422' title='bbox 1069 1999 1142 2056; x_wconf 73' lang='lat' dir='ltr'>ilex.</span> <span class='ocrx_word' id='word_1_423' title='bbox 1169 2004 1450 2075; x_wconf 76' lang='lat' dir='ltr'>responditzcredo</span> <span class='ocrx_word' id='word_1_424' title='bbox 1476 2023 1533 2064; x_wconf 92' lang='lat' dir='ltr'>non</span> <span class='ocrx_word' id='word_1_425' title='bbox 1562 2007 1651 2065; x_wconf 86' lang='lat' dir='ltr'>latere</span> <span class='ocrx_word' id='word_1_426' title='bbox 1679 1992 1864 2083; x_wconf 71' lang='lat' dir='ltr'>Religionem</span> 
     </span>
     <span class='ocr_line' id='line_1_49' title="bbox 1031 2090 1864 2168; baseline 0.018 -25"><span class='ocrx_word' id='word_1_427' title='bbox 1031 2090 1113 2145; x_wconf 86' lang='lat' dir='ltr'>tuam</span> <span class='ocrx_word' id='word_1_428' title='bbox 1130 2092 1246 2148; x_wconf 83' lang='lat' dir='ltr'>beatum</span> <span class='ocrx_word' id='word_1_429' title='bbox 1262 2093 1371 2151; x_wconf 84' lang='lat' dir='ltr'>dixisse</span> <span class='ocrx_word' id='word_1_430' title='bbox 1385 2095 1551 2168; x_wconf 87' lang='lat' dir='ltr'>apostolum</span> <span class='ocrx_word' id='word_1_431' title='bbox 1567 2096 1702 2163; x_wconf 83' lang='lat' dir='ltr'>Paulum,</span> <span class='ocrx_word' id='word_1_432' title='bbox 1728 2102 1798 2156; x_wconf 81' lang='lat' dir='ltr'>cum</span> <span class='ocrx_word' id='word_1_433' title='bbox 1812 2116 1864 2158; x_wconf 82' lang='lat' dir='ltr'>oet·</span> 
     </span>
     <span class='ocr_line' id='line_1_50' title="bbox 1032 2178 1863 2258; baseline 0.016 -25"><span class='ocrx_word' id='word_1_434' title='bbox 1032 2183 1085 2233; x_wconf 73' lang='lat' dir='ltr'>um</span> <span class='ocrx_word' id='word_1_435' title='bbox 1101 2178 1255 2252; x_wconf 79' lang='lat' dir='ltr'>berionitos</span> <span class='ocrx_word' id='word_1_436' title='bbox 1268 2187 1295 2239; x_wconf 87' lang='lat' dir='ltr'>ct</span> <span class='ocrx_word' id='word_1_437' title='bbox 1309 2183 1468 2241; x_wconf 80' lang='lat' dir='ltr'>hununitos</span> <span class='ocrx_word' id='word_1_438' title='bbox 1482 2187 1618 2258; x_wconf 81' lang='lat' dir='ltr'>apparuit</span> <span class='ocrx_word' id='word_1_439' title='bbox 1628 2187 1781 2245; x_wconf 83' lang='lat' dir='ltr'>Soluotoris</span> <span class='ocrx_word' id='word_1_440' title='bbox 1795 2206 1863 2247; x_wconf 88' lang='lat' dir='ltr'>nos·</span> 
     </span>
     <span class='ocr_line' id='line_1_51' title="bbox 1031 2267 1864 2348; baseline 0.019 -27"><span class='ocrx_word' id='word_1_441' title='bbox 1031 2267 1069 2322; x_wconf 85' lang='lat' dir='ltr'>tri</span> <span class='ocrx_word' id='word_1_442' title='bbox 1083 2268 1131 2323; x_wconf 80' lang='lat' dir='ltr'>liei</span> <span class='ocrx_word' id='word_1_443' title='bbox 1144 2285 1198 2326; x_wconf 87' lang='lat' dir='ltr'>non</span> <span class='ocrx_word' id='word_1_444' title='bbox 1213 2287 1248 2327; x_wconf 83' lang='lat' dir='ltr'>eu:</span> <span class='ocrx_word' id='word_1_445' title='bbox 1261 2274 1388 2344; x_wconf 79' lang='lat' dir='ltr'>operibus</span> <span class='ocrx_word' id='word_1_446' title='bbox 1397 2275 1518 2346; x_wconf 77' lang='lat' dir='ltr'>jmutn</span> <span class='ocrx_word' id='word_1_447' title='bbox 1529 2293 1591 2348; x_wconf 82' lang='lat' dir='ltr'>qum</span> <span class='ocrx_word' id='word_1_448' title='bbox 1604 2279 1720 2348; x_wconf 68' lang='lat' dir='ltr'>terimus</span> <span class='ocrx_word' id='word_1_449' title='bbox 1733 2294 1794 2345; x_wconf 87' lang='lat' dir='ltr'>nos,</span> <span class='ocrx_word' id='word_1_450' title='bbox 1812 2279 1864 2337; x_wconf 83' lang='lat' dir='ltr'>sed</span> 
     </span>
     <span class='ocr_line' id='line_1_52' title="bbox 1030 2357 1863 2440; baseline 0.017 -29"><span class='ocrx_word' id='word_1_451' title='bbox 1030 2357 1180 2414; x_wconf 83' lang='lat' dir='ltr'>secundum</span> <span class='ocrx_word' id='word_1_452' title='bbox 1189 2376 1269 2416; x_wconf 82' lang='lat' dir='ltr'>suom</span> <span class='ocrx_word' id='word_1_453' title='bbox 1282 2363 1499 2420; x_wconf 83' lang='lat' dir='ltr'>misericordium</span> <span class='ocrx_word' id='word_1_454' title='bbox 1509 2366 1597 2422; x_wconf 84' lang='lat' dir='ltr'>soloas</span> <span class='ocrx_word' id='word_1_455' title='bbox 1614 2382 1664 2423; x_wconf 87' lang='lat' dir='ltr'>nos</span> <span class='ocrx_word' id='word_1_456' title='bbox 1673 2366 1750 2440; x_wconf 71' lang='lat' dir='ltr'>fecit,</span> <span class='ocrx_word' id='word_1_457' title='bbox 1760 2385 1811 2440; x_wconf 85' lang='lat' dir='ltr'>per</span> <span class='ocrx_word' id='word_1_458' title='bbox 1822 2369 1863 2425; x_wconf 84' lang='lat' dir='ltr'>to·</span> 
     </span>
     <span class='ocr_line' id='line_1_53' title="bbox 1029 2452 1860 2528; baseline 0.018 -28"><span class='ocrx_word' id='word_1_459' title='bbox 1029 2460 1141 2501; x_wconf 83' lang='lat' dir='ltr'>oacrum</span> <span class='ocrx_word' id='word_1_460' title='bbox 1154 2452 1374 2521; x_wconf 75' lang='lat' dir='ltr'>reponeretionir</span> <span class='ocrx_word' id='word_1_461' title='bbox 1384 2461 1410 2508; x_wconf 88' lang='lat' dir='ltr'>et</span> <span class='ocrx_word' id='word_1_462' title='bbox 1420 2455 1612 2511; x_wconf 76' lang='lat' dir='ltr'>concretionis</span> <span class='ocrx_word' id='word_1_463' title='bbox 1623 2454 1743 2528; x_wconf 77' lang='lat' dir='ltr'>Spiritus</span> <span class='ocrx_word' id='word_1_464' title='bbox 1755 2460 1860 2526; x_wconf 81' lang='lat' dir='ltr'>sancti,</span> 
     </span>
     <span class='ocr_line' id='line_1_54' title="bbox 1029 2537 1859 2615; baseline 0.019 -26"><span class='ocrx_word' id='word_1_465' title='bbox 1029 2549 1110 2607; x_wconf 78' lang='lat' dir='ltr'>quam</span> <span class='ocrx_word' id='word_1_466' title='bbox 1124 2537 1219 2609; x_wconf 77' lang='lat' dir='ltr'>effudit</span> <span class='ocrx_word' id='word_1_467' title='bbox 1234 2540 1265 2595; x_wconf 90' lang='lat' dir='ltr'>in</span> <span class='ocrx_word' id='word_1_468' title='bbox 1279 2556 1327 2596; x_wconf 86' lang='lat' dir='ltr'>nos</span> <span class='ocrx_word' id='word_1_469' title='bbox 1338 2543 1458 2614; x_wconf 81' lang='lat' dir='ltr'>ahands,</span> <span class='ocrx_word' id='word_1_470' title='bbox 1472 2545 1626 2615; x_wconf 73' lang='lat' dir='ltr'>pertesum</span> <span class='ocrx_word' id='word_1_471' title='bbox 1642 2546 1781 2602; x_wconf 75' lang='lat' dir='ltr'>Christum</span> <span class='ocrx_word' id='word_1_472' title='bbox 1796 2547 1859 2605; x_wconf 81' lang='lat' dir='ltr'>Sat-</span> 
     </span>
     <span class='ocr_line' id='line_1_55' title="bbox 1028 2627 1860 2701; baseline 0.018 -23"><span class='ocrx_word' id='word_1_473' title='bbox 1028 2627 1416 2701; x_wconf 72' lang='lat' dir='ltr'>votoremnostnsmtlit.111‚</span> <span class='ocrx_word' id='word_1_474' title='bbox 1435 2633 1506 2701; x_wconf 84' lang='grc'><strong>4-6).</strong></span> <span class='ocrx_word' id='word_1_475' title='bbox 1530 2632 1698 2691; x_wconf 88' lang='lat' dir='ltr'>Secundum</span> <span class='ocrx_word' id='word_1_476' title='bbox 1718 2636 1798 2692; x_wconf 86' lang='lat' dir='ltr'>hunc</span> <span class='ocrx_word' id='word_1_477' title='bbox 1813 2651 1860 2693; x_wconf 88' lang='lat' dir='ltr'>re·</span> 
     </span>
     <span class='ocr_line' id='line_1_56' title="bbox 1029 2711 1859 2797; baseline 0.019 -31"><span class='ocrx_word' id='word_1_478' title='bbox 1029 2711 1129 2786; x_wconf 83' lang='lat' dir='ltr'>gulam</span> <span class='ocrx_word' id='word_1_479' title='bbox 1144 2715 1208 2772; x_wconf 91' lang='lat' dir='ltr'>dico</span> <span class='ocrx_word' id='word_1_480' title='bbox 1222 2717 1362 2788; x_wconf 73' lang='lat' dir='ltr'>Spiritum</span> <span class='ocrx_word' id='word_1_481' title='bbox 1383 2726 1517 2779; x_wconf 76' lang='lat' dir='ltr'>mactum</span> <span class='ocrx_word' id='word_1_482' title='bbox 1532 2729 1562 2779; x_wconf 92' lang='lat' dir='ltr'>et</span> <span class='ocrx_word' id='word_1_483' title='bbox 1583 2724 1721 2797; x_wconf 85' lang='lat' dir='ltr'>profiteor</span> <span class='ocrx_word' id='word_1_484' title='bbox 1743 2724 1859 2782; x_wconf 90' lang='lat' dir='ltr'>illumi-</span> 
     </span>
     <span class='ocr_line' id='line_1_57' title="bbox 1030 2805 1859 2885; baseline 0.022 -30"><span class='ocrx_word' id='word_1_485' title='bbox 1030 2807 1160 2859; x_wconf 88' lang='lat' dir='ltr'>natorem</span> <span class='ocrx_word' id='word_1_486' title='bbox 1178 2821 1228 2875; x_wconf 90' lang='lat' dir='ltr'>per</span> <span class='ocrx_word' id='word_1_487' title='bbox 1243 2805 1349 2864; x_wconf 79' lang='lat' dir='ltr'>Filium</span> <span class='ocrx_word' id='word_1_488' title='bbox 1367 2825 1373 2865; x_wconf 77' lang='grc' dir='ltr'><em>τ</em></span> <span class='ocrx_word' id='word_1_489' title='bbox 1390 2813 1423 2865; x_wconf 89' lang='lat' dir='ltr'>ut</span> <span class='ocrx_word' id='word_1_490' title='bbox 1437 2811 1627 2868; x_wconf 88' lang='lat' dir='ltr'>antedictum</span> <span class='ocrx_word' id='word_1_491' title='bbox 1642 2819 1697 2879; x_wconf 89' lang='lat' dir='ltr'>est,</span> <span class='ocrx_word' id='word_1_492' title='bbox 1715 2815 1801 2884; x_wconf 82' lang='lat' dir='ltr'>Quem</span> <span class='ocrx_word' id='word_1_493' title='bbox 1816 2817 1859 2885; x_wconf 70' lang='lat' dir='ltr'>ef·</span> 
     </span>
     <span class='ocr_line' id='line_1_58' title="bbox 1027 2890 1860 2971; baseline 0.018 -25"><span class='ocrx_word' id='word_1_494' title='bbox 1027 2890 1101 2963; x_wconf 71' lang='lat' dir='ltr'>tacit</span> <span class='ocrx_word' id='word_1_495' title='bbox 1116 2895 1145 2949; x_wconf 90' lang='lat' dir='ltr'>in</span> <span class='ocrx_word' id='word_1_496' title='bbox 1155 2910 1205 2951; x_wconf 85' lang='lat' dir='ltr'>nos</span> <span class='ocrx_word' id='word_1_497' title='bbox 1220 2895 1337 2966; x_wconf 80' lang='lat' dir='ltr'>aionis,</span> <span class='ocrx_word' id='word_1_498' title='bbox 1358 2914 1409 2971; x_wconf 86' lang='lat' dir='ltr'>per</span> <span class='ocrx_word' id='word_1_499' title='bbox 1421 2901 1513 2956; x_wconf 81' lang='lat' dir='ltr'>iesum</span> <span class='ocrx_word' id='word_1_500' title='bbox 1534 2900 1672 2958; x_wconf 71' lang='lat' dir='ltr'>Christum</span> <span class='ocrx_word' id='word_1_501' title='bbox 1688 2901 1860 2961; x_wconf 72' lang='lat' dir='ltr'>salvotorem</span> 
     </span>
     <span class='ocr_line' id='line_1_59' title="bbox 1027 2985 1861 3063; baseline 0.018 -27"><span class='ocrx_word' id='word_1_502' title='bbox 1027 2988 1161 3038; x_wconf 85' lang='lat' dir='ltr'>nostrum.</span> <span class='ocrx_word' id='word_1_503' title='bbox 1176 2987 1242 3040; x_wconf 81' lang='lat' dir='ltr'>iam</span> <span class='ocrx_word' id='word_1_504' title='bbox 1258 2985 1325 3042; x_wconf 90' lang='lat' dir='ltr'>dedi</span> <span class='ocrx_word' id='word_1_505' title='bbox 1340 3002 1513 3059; x_wconf 88' lang='lat' dir='ltr'>responsum</span> <span class='ocrx_word' id='word_1_506' title='bbox 1529 3007 1536 3045; x_wconf 90' lang='lat'>:</span> <span class='ocrx_word' id='word_1_507' title='bbox 1553 2991 1692 3063; x_wconf 86' lang='lat' dir='ltr'>quoniam</span> <span class='ocrx_word' id='word_1_508' title='bbox 1710 2992 1771 3050; x_wconf 88' lang='lat' dir='ltr'>sive</span> <span class='ocrx_word' id='word_1_509' title='bbox 1785 2991 1861 3050; x_wconf 81' lang='lat' dir='ltr'>Peu-</span> 
     </span>
     <span class='ocr_line' id='line_1_60' title="bbox 1028 3067 1857 3141; baseline 0.019 -18"><span class='ocrx_word' id='word_1_510' title='bbox 1028 3067 1075 3125; x_wconf 93' lang='lat' dir='ltr'>lus</span> <span class='ocrx_word' id='word_1_511' title='bbox 1090 3069 1250 3141; x_wconf 86' lang='lat' dir='ltr'>illuminat,</span> <span class='ocrx_word' id='word_1_512' title='bbox 1266 3074 1302 3130; x_wconf 91' lang='lat' dir='ltr'>ad</span> <span class='ocrx_word' id='word_1_513' title='bbox 1319 3081 1467 3133; x_wconf 87' lang='lat' dir='ltr'>auctorem</span> <span class='ocrx_word' id='word_1_514' title='bbox 1484 3078 1576 3135; x_wconf 88' lang='lat' dir='ltr'>Deum</span> <span class='ocrx_word' id='word_1_515' title='bbox 1600 3079 1714 3137; x_wconf 89' lang='lat' dir='ltr'>Patrem</span> <span class='ocrx_word' id='word_1_516' title='bbox 1729 3086 1857 3139; x_wconf 90' lang='lat' dir='ltr'>recurrit</span> 
     </span>
     <span class='ocr_line' id='line_1_61' title="bbox 1027 3154 1856 3240; baseline 0.017 -27"><span class='ocrx_word' id='word_1_517' title='bbox 1027 3154 1089 3215; x_wconf 80' lang='lat' dir='ltr'>haeo</span> <span class='ocrx_word' id='word_1_518' title='bbox 1112 3158 1304 3232; x_wconf 88' lang='lat' dir='ltr'>illuminatio;</span> <span class='ocrx_word' id='word_1_519' title='bbox 1322 3164 1382 3222; x_wconf 86' lang='lat' dir='ltr'>sive</span> <span class='ocrx_word' id='word_1_520' title='bbox 1402 3165 1529 3239; x_wconf 83' lang='lat' dir='ltr'>Spiritus</span> <span class='ocrx_word' id='word_1_521' title='bbox 1551 3172 1670 3225; x_wconf 88' lang='lat' dir='ltr'>sauctus</span> <span class='ocrx_word' id='word_1_522' title='bbox 1694 3168 1856 3240; x_wconf 85' lang='lat' dir='ltr'>illuminat,</span> 
     </span>
     <span class='ocr_line' id='line_1_62' title="bbox 1026 3247 1857 3319; baseline 0.019 -17"><span class='ocrx_word' id='word_1_523' title='bbox 1026 3247 1063 3302; x_wconf 90' lang='lat' dir='ltr'>ed</span> <span class='ocrx_word' id='word_1_524' title='bbox 1091 3254 1241 3306; x_wconf 88' lang='lat' dir='ltr'>auctorem</span> <span class='ocrx_word' id='word_1_525' title='bbox 1270 3254 1395 3310; x_wconf 91' lang='lat' dir='ltr'>recurrit</span> <span class='ocrx_word' id='word_1_526' title='bbox 1422 3253 1599 3314; x_wconf 88' lang='lat' dir='ltr'>illuminatio</span> <span class='ocrx_word' id='word_1_527' title='bbox 1616 3273 1623 3312; x_wconf 76' lang='grc' dir='ltr'><em>τ</em></span> <span class='ocrx_word' id='word_1_528' title='bbox 1640 3256 1699 3315; x_wconf 89' lang='lat' dir='ltr'>sive</span> <span class='ocrx_word' id='word_1_529' title='bbox 1721 3259 1857 3319; x_wconf 87' lang='lat' dir='ltr'>Christus</span> 
     </span>
     <span class='ocr_line' id='line_1_63' title="bbox 1026 3331 1856 3406; baseline 0.022 -18"><span class='ocrx_word' id='word_1_530' title='bbox 1026 3331 1184 3404; x_wconf 88' lang='lat' dir='ltr'>illuminat,</span> <span class='ocrx_word' id='word_1_531' title='bbox 1201 3339 1236 3394; x_wconf 89' lang='lat' dir='ltr'>ad</span> <span class='ocrx_word' id='word_1_532' title='bbox 1254 3346 1404 3398; x_wconf 88' lang='lat' dir='ltr'>auctorem</span> <span class='ocrx_word' id='word_1_533' title='bbox 1417 3345 1541 3400; x_wconf 90' lang='lat' dir='ltr'>recurrit</span> <span class='ocrx_word' id='word_1_534' title='bbox 1551 3344 1738 3403; x_wconf 89' lang='lat' dir='ltr'>illuminatio.</span> <span class='ocrx_word' id='word_1_535' title='bbox 1754 3348 1789 3404; x_wconf 79' lang='lat' dir='ltr'>lit</span> <span class='ocrx_word' id='word_1_536' title='bbox 1799 3349 1856 3406; x_wconf 90' lang='lat' dir='ltr'>hoe</span> 
     </span>
    </p>
   </div>
   <div class='ocr_carea' id='block_1_14' title="bbox 15 3423 1857 5824">
    <p class='ocr_par' dir='ltr' id='par_1_16' title="bbox 15 3423 1857 4305">
     <span class='ocr_line' id='line_1_64' title="bbox 149 3423 1857 3511; baseline 0.004 -21"><span class='ocrx_word' id='word_1_537' title='bbox 149 3430 337 3508; x_wconf 76' lang='lat' dir='ltr'>prehenderit</span> <span class='ocrx_word' id='word_1_538' title='bbox 352 3432 463 3506; x_wconf 79' lang='lat' dir='ltr'>Religio</span> <span class='ocrx_word' id='word_1_539' title='bbox 482 3437 543 3503; x_wconf 87' lang='lat' dir='ltr'>tua,</span> <span class='ocrx_word' id='word_1_540' title='bbox 556 3433 631 3489; x_wconf 88' lang='lat' dir='ltr'>daho</span> <span class='ocrx_word' id='word_1_541' title='bbox 646 3449 821 3506; x_wconf 90' lang='lat' dir='ltr'>responsum</span> <span class='ocrx_word' id='word_1_542' title='bbox 836 3435 865 3489; x_wconf 89' lang='lat' dir='ltr'>in</span> <span class='ocrx_word' id='word_1_543' title='bbox 881 3433 927 3489; x_wconf 77' lang='lat' dir='ltr'>his</span> <span class='ocrx_word' id='word_1_544' title='bbox 942 3433 973 3489; x_wconf 81' lang='lat' dir='ltr'>in</span> <span class='ocrx_word' id='word_1_545' title='bbox 1025 3423 1193 3496; x_wconf 79' lang='lat' dir='ltr'>magisterio</span> <span class='ocrx_word' id='word_1_546' title='bbox 1208 3427 1315 3484; x_wconf 81' lang='lat' dir='ltr'>Christi</span> <span class='ocrx_word' id='word_1_547' title='bbox 1329 3430 1461 3501; x_wconf 83' lang='lat' dir='ltr'>edoctus,</span> <span class='ocrx_word' id='word_1_548' title='bbox 1473 3449 1646 3506; x_wconf 85' lang='lat' dir='ltr'>prosequor,</span> <span class='ocrx_word' id='word_1_549' title='bbox 1657 3435 1857 3511; x_wconf 81' lang='lat' dir='ltr'>sioutaitipee</span> 
     </span>
     <span class='ocr_line' id='line_1_65' title="bbox 149 3510 1855 3598; baseline 0.009 -33"><span class='ocrx_word' id='word_1_550' title='bbox 149 3523 257 3597; x_wconf 65' lang='lat' dir='ltr'>quihus</span> <span class='ocrx_word' id='word_1_551' title='bbox 273 3522 444 3596; x_wconf 59' lang='lat' dir='ltr'>reprehondi</span> <span class='ocrx_word' id='word_1_552' title='bbox 454 3523 564 3579; x_wconf 61' lang='lat' dir='ltr'>videor,</span> <span class='ocrx_word' id='word_1_553' title='bbox 1024 3510 1247 3572; x_wconf 75' lang='lat' dir='ltr'>Christusztloes</span> <span class='ocrx_word' id='word_1_554' title='bbox 1261 3533 1332 3576; x_wconf 77' lang='lat' dir='ltr'>meae</span> <span class='ocrx_word' id='word_1_555' title='bbox 1345 3535 1433 3576; x_wconf 85' lang='lat' dir='ltr'>uocem</span> <span class='ocrx_word' id='word_1_556' title='bbox 1441 3537 1533 3578; x_wconf 70' lang='lat' dir='ltr'>mom</span> <span class='ocrx_word' id='word_1_557' title='bbox 1547 3522 1675 3590; x_wconf 82' lang='lat' dir='ltr'>audiunt,</span> <span class='ocrx_word' id='word_1_558' title='bbox 1688 3528 1714 3580; x_wconf 85' lang='lat' dir='ltr'>ct</span> <span class='ocrx_word' id='word_1_559' title='bbox 1727 3541 1855 3598; x_wconf 69' lang='lat' dir='ltr'>mquam·</span> 
     </span>
     <span class='ocr_line' id='line_1_66' title="bbox 182 3593 1854 3684; baseline 0.006 -23"><span class='ocrx_word' id='word_1_560' title='bbox 182 3595 210 3651; x_wconf 86' lang='lat'>5·</span> <span class='ocrx_word' id='word_1_561' title='bbox 225 3597 298 3652; x_wconf 71' lang='lat' dir='ltr'>AUG·</span> <span class='ocrx_word' id='word_1_562' title='bbox 315 3595 408 3651; x_wconf 59' lang='lat' dir='ltr'>disti:</span> <span class='ocrx_word' id='word_1_563' title='bbox 425 3595 520 3651; x_wconf 76' lang='lat' dir='ltr'><strong>M0V0t</strong></span> <span class='ocrx_word' id='word_1_564' title='bbox 535 3609 592 3661; x_wconf 88' lang='lat' dir='ltr'>me,</span> <span class='ocrx_word' id='word_1_565' title='bbox 607 3594 684 3665; x_wconf 66' lang='lat'><strong>(1⁰⁰⁶</strong></span> <span class='ocrx_word' id='word_1_566' title='bbox 710 3593 749 3650; x_wconf 57' lang='lat'>5²⁸</span> <span class='ocrx_word' id='word_1_567' title='bbox 769 3594 892 3666; x_wconf 68' lang='grc' dir='ltr'>Ρθθῦῑῦῑῑ</span> <span class='ocrx_word' id='word_1_568' title='bbox 906 3611 972 3668; x_wconf 85' lang='lat' dir='ltr'>pro·</span> <span class='ocrx_word' id='word_1_569' title='bbox 1023 3608 1070 3657; x_wconf 81' lang='lat' dir='ltr'>tur</span> <span class='ocrx_word' id='word_1_570' title='bbox 1084 3617 1144 3670; x_wconf 84' lang='lat' dir='ltr'>me;</span> <span class='ocrx_word' id='word_1_571' title='bbox 1170 3612 1196 3660; x_wconf 86' lang='lat' dir='ltr'>ct</span> <span class='ocrx_word' id='word_1_572' title='bbox 1207 3609 1352 3678; x_wconf 84' lang='lat' dir='ltr'>epooitom</span> <span class='ocrx_word' id='word_1_573' title='bbox 1363 3610 1598 3680; x_wconf 66' lang='lat' dir='ltr'>internuntiam,</span> <span class='ocrx_word' id='word_1_574' title='bbox 1616 3620 1709 3668; x_wconf 84' lang='lat' dir='ltr'>etnon</span> <span class='ocrx_word' id='word_1_575' title='bbox 1719 3615 1854 3684; x_wconf 81' lang='lat' dir='ltr'>peribunt</span> 
     </span>
     <span class='ocr_line' id='line_1_67' title="bbox 147 3683 1853 3773; baseline 0.012 -34"><span class='ocrx_word' id='word_1_576' title='bbox 147 3684 209 3758; x_wconf 87' lang='lat' dir='ltr'>pris</span> <span class='ocrx_word' id='word_1_577' title='bbox 235 3684 463 3741; x_wconf 86' lang='lat' dir='ltr'>illuminatorem</span> <span class='ocrx_word' id='word_1_578' title='bbox 493 3689 626 3741; x_wconf 90' lang='lat' dir='ltr'>nostrum</span> <span class='ocrx_word' id='word_1_579' title='bbox 656 3683 796 3757; x_wconf 87' lang='lat' dir='ltr'>Spiritum</span> <span class='ocrx_word' id='word_1_580' title='bbox 813 3688 969 3755; x_wconf 69' lang='lat' dir='ltr'>sanctum</span> <span class='ocrx_word' id='word_1_581' title='bbox 1022 3690 1209 3763; x_wconf 67' lang='lat' dir='ltr'>intercessum,</span> <span class='ocrx_word' id='word_1_582' title='bbox 1225 3698 1253 3750; x_wconf 87' lang='lat' dir='ltr'>ct</span> <span class='ocrx_word' id='word_1_583' title='bbox 1276 3711 1331 3750; x_wconf 89' lang='lat' dir='ltr'>non</span> <span class='ocrx_word' id='word_1_584' title='bbox 1355 3699 1449 3769; x_wconf 84' lang='lat' dir='ltr'>rapiet</span> <span class='ocrx_word' id='word_1_585' title='bbox 1471 3715 1517 3755; x_wconf 86' lang='lat' dir='ltr'>eos</span> <span class='ocrx_word' id='word_1_586' title='bbox 1542 3701 1686 3773; x_wconf 81' lang='lat' dir='ltr'>quisquam</span> <span class='ocrx_word' id='word_1_587' title='bbox 1708 3701 1742 3759; x_wconf 87' lang='lat' dir='ltr'>dc</span> <span class='ocrx_word' id='word_1_588' title='bbox 1762 3719 1853 3760; x_wconf 84' lang='lat' dir='ltr'>manu</span> 
     </span>
     <span class='ocr_line' id='line_1_68' title="bbox 43 3771 1851 3862; baseline 0.011 -32"><span class='ocrx_word' id='word_1_589' title='bbox 43 3806 47 3811; x_wconf 96' lang='lat'>-</span> <span class='ocrx_word' id='word_1_590' title='bbox 146 3773 231 3847; x_wconf 89' lang='lat' dir='ltr'>quasi</span> <span class='ocrx_word' id='word_1_591' title='bbox 245 3773 380 3830; x_wconf 82' lang='lat' dir='ltr'>Christus</span> <span class='ocrx_word' id='word_1_592' title='bbox 406 3789 464 3829; x_wconf 91' lang='lat' dir='ltr'>non</span> <span class='ocrx_word' id='word_1_593' title='bbox 494 3776 534 3829; x_wconf 90' lang='lat' dir='ltr'>sit</span> <span class='ocrx_word' id='word_1_594' title='bbox 562 3771 743 3828; x_wconf 91' lang='lat' dir='ltr'>illuminator</span> <span class='ocrx_word' id='word_1_595' title='bbox 772 3781 880 3831; x_wconf 88' lang='lat' dir='ltr'>noster.</span> <span class='ocrx_word' id='word_1_596' title='bbox 896 3774 971 3831; x_wconf 84' lang='lat' dir='ltr'>Hinc</span> <span class='ocrx_word' id='word_1_597' title='bbox 1020 3794 1092 3846; x_wconf 85' lang='lat' dir='ltr'>meo,</span> <span class='ocrx_word' id='word_1_598' title='bbox 1104 3782 1187 3837; x_wconf 86' lang='lat' dir='ltr'>Pater</span> <span class='ocrx_word' id='word_1_599' title='bbox 1199 3785 1357 3856; x_wconf 79' lang='lat' dir='ltr'>mcusouod</span> <span class='ocrx_word' id='word_1_600' title='bbox 1370 3786 1444 3843; x_wconf 85' lang='lat' dir='ltr'>dedit</span> <span class='ocrx_word' id='word_1_601' title='bbox 1458 3788 1542 3856; x_wconf 84' lang='lat' dir='ltr'>miti,</span> <span class='ocrx_word' id='word_1_602' title='bbox 1556 3791 1647 3862; x_wconf 84' lang='lat' dir='ltr'>majus</span> <span class='ocrx_word' id='word_1_603' title='bbox 1661 3792 1787 3848; x_wconf 77' lang='lat' dir='ltr'>omnihus</span> <span class='ocrx_word' id='word_1_604' title='bbox 1797 3801 1851 3862; x_wconf 84' lang='lat' dir='ltr'>est,</span> 
     </span>
     <span class='ocr_line' id='line_1_69' title="bbox 145 3861 1853 3945; baseline 0.008 -21"><span class='ocrx_word' id='word_1_605' title='bbox 145 3863 240 3934; x_wconf 77' lang='lat' dir='ltr'>primo</span> <span class='ocrx_word' id='word_1_606' title='bbox 256 3863 308 3918; x_wconf 72' lang='lat' dir='ltr'>ebs</span> <span class='ocrx_word' id='word_1_607' title='bbox 322 3866 351 3918; x_wconf 74' lang='lat' dir='ltr'>le</span> <span class='ocrx_word' id='word_1_608' title='bbox 366 3861 429 3917; x_wconf 81' lang='lat' dir='ltr'>volo</span> <span class='ocrx_word' id='word_1_609' title='bbox 444 3862 547 3917; x_wconf 63' lang='lat' dir='ltr'>audite</span> <span class='ocrx_word' id='word_1_610' title='bbox 561 3862 631 3934; x_wconf 76' lang='lat' dir='ltr'>quid</span> <span class='ocrx_word' id='word_1_611' title='bbox 648 3861 768 3918; x_wconf 67' lang='lat' dir='ltr'>sentias·</span> <span class='ocrx_word' id='word_1_612' title='bbox 1020 3871 1046 3925; x_wconf 86' lang='lat' dir='ltr'>et</span> <span class='ocrx_word' id='word_1_613' title='bbox 1060 3885 1142 3925; x_wconf 86' lang='lat' dir='ltr'>nemo</span> <span class='ocrx_word' id='word_1_614' title='bbox 1156 3876 1242 3943; x_wconf 85' lang='lat' dir='ltr'>potest</span> <span class='ocrx_word' id='word_1_615' title='bbox 1253 3889 1354 3945; x_wconf 85' lang='lat' dir='ltr'>rapere</span> <span class='ocrx_word' id='word_1_616' title='bbox 1367 3875 1440 3931; x_wconf 86' lang='lat' dir='ltr'>illud</span> <span class='ocrx_word' id='word_1_617' title='bbox 1458 3875 1491 3933; x_wconf 82' lang='lat' dir='ltr'>de</span> <span class='ocrx_word' id='word_1_618' title='bbox 1504 3894 1592 3933; x_wconf 82' lang='lat' dir='ltr'>monn</span> <span class='ocrx_word' id='word_1_619' title='bbox 1612 3880 1706 3936; x_wconf 86' lang='lat' dir='ltr'>Putris</span> <span class='ocrx_word' id='word_1_620' title='bbox 1731 3881 1853 3939; x_wconf 77' lang='lat' dir='ltr'>mailli</span> 
     </span>
     <span class='ocr_line' id='line_1_70' title="bbox 15 3949 1851 4041; baseline 0.01 -34"><span class='ocrx_word' id='word_1_621' title='bbox 15 3962 29 4041; x_wconf 29' lang='grc' dir='ltr'>Ἰ</span> <span class='ocrx_word' id='word_1_622' title='bbox 120 3988 126 4023; x_wconf 71' lang='grc'><strong>,</strong></span> <span class='ocrx_word' id='word_1_623' title='bbox 180 3949 256 4007; x_wconf 63' lang='lat' dir='ltr'>unx.</span> <span class='ocrx_word' id='word_1_624' title='bbox 271 3950 600 4022; x_wconf 77' lang='lat' dir='ltr'>responditzNosenim</span> <span class='ocrx_word' id='word_1_625' title='bbox 611 3966 702 4006; x_wconf 90' lang='lat' dir='ltr'>unum</span> <span class='ocrx_word' id='word_1_626' title='bbox 714 3955 861 4009; x_wconf 87' lang='lat' dir='ltr'>auctorem</span> <span class='ocrx_word' id='word_1_627' title='bbox 877 3952 969 4008; x_wconf 88' lang='lat' dir='ltr'>Deum</span> <span class='ocrx_word' id='word_1_628' title='bbox 1020 3955 1127 4014; x_wconf 88' lang='lat' dir='ltr'>iterum</span> <span class='ocrx_word' id='word_1_629' title='bbox 1141 3958 1184 4015; x_wconf 70' lang='lat' dir='ltr'>sic</span> <span class='ocrx_word' id='word_1_630' title='bbox 1198 3959 1324 4034; x_wconf 77' lang='lat' dir='ltr'>aittiipo</span> <span class='ocrx_word' id='word_1_631' title='bbox 1339 3968 1366 4018; x_wconf 88' lang='lat' dir='ltr'>et</span> <span class='ocrx_word' id='word_1_632' title='bbox 1380 3965 1465 4020; x_wconf 76' lang='lat' dir='ltr'>rota</span> <span class='ocrx_word' id='word_1_633' title='bbox 1489 3981 1577 4021; x_wconf 82' lang='lat' dir='ltr'>unum</span> <span class='ocrx_word' id='word_1_634' title='bbox 1591 3983 1687 4023; x_wconf 78' lang='lat' dir='ltr'>summ</span> <span class='ocrx_word' id='word_1_635' title='bbox 1709 3969 1799 4038; x_wconf 80' lang='lat' dir='ltr'>(ioan.</span> <span class='ocrx_word' id='word_1_636' title='bbox 1821 3986 1851 4026; x_wconf 84' lang='lat' dir='ltr'>x.</span> 
     </span>
     <span class='ocr_line' id='line_1_71' title="bbox 26 4036 1851 4128; baseline 0.01 -33"><span class='ocrx_word' id='word_1_637' title='bbox 26 4058 31 4069; x_wconf 91' lang='lat'><em>·</em></span> <span class='ocrx_word' id='word_1_638' title='bbox 113 4052 119 4083; x_wconf 90' lang='grc'>-·</span> <span class='ocrx_word' id='word_1_639' title='bbox 146 4036 262 4095; x_wconf 82' lang='lat' dir='ltr'>Patrem</span> <span class='ocrx_word' id='word_1_640' title='bbox 277 4039 523 4110; x_wconf 76' lang='lat' dir='ltr'>cognoscimue‚n</span> <span class='ocrx_word' id='word_1_641' title='bbox 547 4055 604 4110; x_wconf 88' lang='lat' dir='ltr'>quo</span> <span class='ocrx_word' id='word_1_642' title='bbox 615 4038 791 4096; x_wconf 86' lang='lat' dir='ltr'>illuminatio</span> <span class='ocrx_word' id='word_1_643' title='bbox 807 4041 904 4098; x_wconf 88' lang='lat' dir='ltr'>omnis</span> <span class='ocrx_word' id='word_1_644' title='bbox 919 4057 970 4113; x_wconf 91' lang='lat' dir='ltr'>per</span> <span class='ocrx_word' id='word_1_645' title='bbox 1019 4043 1129 4114; x_wconf 78' lang='lat'>27-30).</span> <span class='ocrx_word' id='word_1_646' title='bbox 1146 4051 1218 4118; x_wconf 77' lang='lat' dir='ltr'>Ergo</span> <span class='ocrx_word' id='word_1_647' title='bbox 1234 4048 1561 4121; x_wconf 84' lang='lat' dir='ltr'>eddelendendasoves‚</span> <span class='ocrx_word' id='word_1_648' title='bbox 1576 4054 1612 4109; x_wconf 86' lang='lat' dir='ltr'>ad</span> <span class='ocrx_word' id='word_1_649' title='bbox 1624 4054 1851 4128; x_wconf 82' lang='lat' dir='ltr'>illuminandas,</span> 
     </span>
     <span class='ocr_line' id='line_1_72' title="bbox 20 4125 1847 4217; baseline 0.012 -36"><span class='ocrx_word' id='word_1_650' title='bbox 20 4138 32 4165; x_wconf 55' lang='grc' dir='ltr'>ι</span> <span class='ocrx_word' id='word_1_651' title='bbox 144 4127 255 4201; x_wconf 78' lang='lat' dir='ltr'>gradus</span> <span class='ocrx_word' id='word_1_652' title='bbox 272 4127 431 4183; x_wconf 89' lang='lat' dir='ltr'>descendit.</span> <span class='ocrx_word' id='word_1_653' title='bbox 457 4127 530 4185; x_wconf 85' lang='lat' dir='ltr'>Nem</span> <span class='ocrx_word' id='word_1_654' title='bbox 546 4125 673 4200; x_wconf 74' lang='lat' dir='ltr'>clerique</span> <span class='ocrx_word' id='word_1_655' title='bbox 687 4131 715 4183; x_wconf 89' lang='lat' dir='ltr'>et</span> <span class='ocrx_word' id='word_1_656' title='bbox 730 4128 879 4200; x_wconf 87' lang='lat' dir='ltr'>apostolus</span> <span class='ocrx_word' id='word_1_657' title='bbox 893 4132 968 4185; x_wconf 84' lang='lat' dir='ltr'>Pau·</span> <span class='ocrx_word' id='word_1_658' title='bbox 1019 4130 1104 4188; x_wconf 90' lang='lat' dir='ltr'>Pater</span> <span class='ocrx_word' id='word_1_659' title='bbox 1117 4138 1146 4189; x_wconf 89' lang='lat' dir='ltr'>et</span> <span class='ocrx_word' id='word_1_660' title='bbox 1159 4133 1251 4191; x_wconf 77' lang='lat' dir='ltr'>Filius</span> <span class='ocrx_word' id='word_1_661' title='bbox 1267 4152 1360 4193; x_wconf 89' lang='lat' dir='ltr'>unum</span> <span class='ocrx_word' id='word_1_662' title='bbox 1375 4144 1447 4196; x_wconf 90' lang='lat' dir='ltr'>sunt</span> <span class='ocrx_word' id='word_1_663' title='bbox 1462 4143 1620 4200; x_wconf 89' lang='lat' dir='ltr'>concordes</span> <span class='ocrx_word' id='word_1_664' title='bbox 1635 4149 1723 4217; x_wconf 85' lang='lat' dir='ltr'>atque</span> <span class='ocrx_word' id='word_1_665' title='bbox 1739 4145 1847 4202; x_wconf 85' lang='lat' dir='ltr'>uuani-</span> 
     </span>
     <span class='ocr_line' id='line_1_73' title="bbox 20 4213 1848 4305; baseline 0.012 -35"><span class='ocrx_word' id='word_1_666' title='bbox 20 4218 23 4223; x_wconf 88' lang='lat'>&#39;</span> <span class='ocrx_word' id='word_1_667' title='bbox 38 4242 41 4247; x_wconf 95' lang='lat'>·</span> <span class='ocrx_word' id='word_1_668' title='bbox 143 4213 191 4271; x_wconf 88' lang='lat' dir='ltr'>lue</span> <span class='ocrx_word' id='word_1_669' title='bbox 206 4215 318 4289; x_wconf 86' lang='lat' dir='ltr'>prolcrt</span> <span class='ocrx_word' id='word_1_670' title='bbox 331 4216 407 4272; x_wconf 87' lang='lat' dir='ltr'>dese</span> <span class='ocrx_word' id='word_1_671' title='bbox 421 4216 624 4272; x_wconf 87' lang='lat' dir='ltr'>testimonium</span> <span class='ocrx_word' id='word_1_672' title='bbox 641 4217 670 4270; x_wconf 90' lang='lat' dir='ltr'>in</span> <span class='ocrx_word' id='word_1_673' title='bbox 685 4216 805 4272; x_wconf 84' lang='lat' dir='ltr'>Actibus</span> <span class='ocrx_word' id='word_1_674' title='bbox 817 4218 969 4290; x_wconf 81' lang='lat' dir='ltr'>Apostolo-</span> <span class='ocrx_word' id='word_1_675' title='bbox 1019 4236 1081 4277; x_wconf 90' lang='lat' dir='ltr'>mes</span> <span class='ocrx_word' id='word_1_676' title='bbox 1096 4224 1258 4280; x_wconf 86' lang='lat' dir='ltr'>secundum</span> <span class='ocrx_word' id='word_1_677' title='bbox 1275 4225 1350 4282; x_wconf 88' lang='lat' dir='ltr'>hane</span> <span class='ocrx_word' id='word_1_678' title='bbox 1364 4229 1507 4286; x_wconf 87' lang='lat' dir='ltr'>rationem</span> <span class='ocrx_word' id='word_1_679' title='bbox 1530 4248 1619 4305; x_wconf 89' lang='lat' dir='ltr'>quam</span> <span class='ocrx_word' id='word_1_680' title='bbox 1636 4233 1756 4303; x_wconf 89' lang='lat' dir='ltr'>audisti,</span> <span class='ocrx_word' id='word_1_681' title='bbox 1771 4237 1848 4302; x_wconf 81' lang='lat' dir='ltr'>Quo·</span> 
     </span>
    </p>

    <p class='ocr_par' dir='ltr' id='par_1_17' title="bbox 141 4305 1850 4395">
     <span class='ocr_line' id='line_1_74' title="bbox 141 4305 1850 4395; baseline 0.011 -35"><span class='ocrx_word' id='word_1_682' title='bbox 141 4319 220 4372; x_wconf 86' lang='lat' dir='ltr'>rum,</span> <span class='ocrx_word' id='word_1_683' title='bbox 235 4305 344 4361; x_wconf 89' lang='lat' dir='ltr'>diceus.</span> <span class='ocrx_word' id='word_1_684' title='bbox 361 4305 408 4360; x_wconf 87' lang='lat' dir='ltr'>Sic</span> <span class='ocrx_word' id='word_1_685' title='bbox 419 4306 494 4361; x_wconf 89' lang='lat' dir='ltr'>onim</span> <span class='ocrx_word' id='word_1_686' title='bbox 509 4306 655 4360; x_wconf 75' lang='lat' dir='ltr'>mandarit</span> <span class='ocrx_word' id='word_1_687' title='bbox 668 4305 747 4361; x_wconf 86' lang='lat' dir='ltr'>nohis</span> <span class='ocrx_word' id='word_1_688' title='bbox 761 4306 847 4368; x_wconf 65' lang='lat' dir='ltr'>Deos:</span> <span class='ocrx_word' id='word_1_689' title='bbox 872 4312 901 4363; x_wconf 91' lang='lat' dir='ltr'>et</span> <span class='ocrx_word' id='word_1_690' title='bbox 922 4307 968 4364; x_wconf 91' lang='lat' dir='ltr'>iu·</span> <span class='ocrx_word' id='word_1_691' title='bbox 1019 4308 1098 4366; x_wconf 89' lang='lat' dir='ltr'>niam</span> <span class='ocrx_word' id='word_1_692' title='bbox 1124 4327 1209 4368; x_wconf 89' lang='lat' dir='ltr'>nemo</span> <span class='ocrx_word' id='word_1_693' title='bbox 1224 4319 1319 4385; x_wconf 88' lang='lat' dir='ltr'>potest</span> <span class='ocrx_word' id='word_1_694' title='bbox 1334 4332 1436 4388; x_wconf 85' lang='lat' dir='ltr'>repere</span> <span class='ocrx_word' id='word_1_695' title='bbox 1458 4317 1494 4375; x_wconf 87' lang='lat' dir='ltr'>de</span> <span class='ocrx_word' id='word_1_696' title='bbox 1509 4336 1598 4376; x_wconf 90' lang='lat' dir='ltr'>manu</span> <span class='ocrx_word' id='word_1_697' title='bbox 1610 4337 1674 4378; x_wconf 86' lang='lat' dir='ltr'>mee</span> <span class='ocrx_word' id='word_1_698' title='bbox 1688 4338 1757 4381; x_wconf 88' lang='lat' dir='ltr'>ovee</span> <span class='ocrx_word' id='word_1_699' title='bbox 1772 4339 1850 4395; x_wconf 87' lang='lat' dir='ltr'>quae</span> 
     </span>
    </p>

    <p class='ocr_par' dir='ltr' id='par_1_18' title="bbox 17 4395 1849 4575">
     <span class='ocr_line' id='line_1_75' title="bbox 142 4395 1849 4471; baseline 0.012 -21"><span class='ocrx_word' id='word_1_700' title='bbox 142 4396 188 4450; x_wconf 88' lang='lat' dir='ltr'>ter</span> <span class='ocrx_word' id='word_1_701' title='bbox 201 4400 315 4462; x_wconf 80' lang='lat' dir='ltr'>catara,</span> <span class='ocrx_word' id='word_1_702' title='bbox 333 4396 452 4451; x_wconf 78' lang='lat' dir='ltr'>Pascite</span> <span class='ocrx_word' id='word_1_703' title='bbox 467 4395 738 4466; x_wconf 72' lang='lat' dir='ltr'>intumescentium</span> <span class='ocrx_word' id='word_1_704' title='bbox 753 4395 889 4468; x_wconf 81' lang='lat' dir='ltr'>(dctxnr,</span> <span class='ocrx_word' id='word_1_705' title='bbox 910 4397 978 4470; x_wconf 67' lang='lat' dir='ltr'>itt„</span> <span class='ocrx_word' id='word_1_706' title='bbox 1018 4396 1092 4452; x_wconf 91' lang='lat' dir='ltr'>mihi</span> <span class='ocrx_word' id='word_1_707' title='bbox 1108 4398 1188 4455; x_wconf 90' lang='lat' dir='ltr'>dedit</span> <span class='ocrx_word' id='word_1_708' title='bbox 1204 4401 1287 4458; x_wconf 83' lang='lat' dir='ltr'>Pater</span> <span class='ocrx_word' id='word_1_709' title='bbox 1299 4420 1305 4459; x_wconf 94' lang='lat'><strong>:</strong></span> <span class='ocrx_word' id='word_1_710' title='bbox 1318 4404 1408 4460; x_wconf 87' lang='lat' dir='ltr'>simili</span> <span class='ocrx_word' id='word_1_711' title='bbox 1419 4407 1505 4465; x_wconf 90' lang='lat' dir='ltr'>modo</span> <span class='ocrx_word' id='word_1_712' title='bbox 1521 4425 1573 4465; x_wconf 87' lang='lat' dir='ltr'>neo</span> <span class='ocrx_word' id='word_1_713' title='bbox 1585 4410 1620 4466; x_wconf 92' lang='lat' dir='ltr'>de</span> <span class='ocrx_word' id='word_1_714' title='bbox 1633 4428 1721 4467; x_wconf 86' lang='lat' dir='ltr'>manu</span> <span class='ocrx_word' id='word_1_715' title='bbox 1739 4413 1849 4471; x_wconf 87' lang='lat' dir='ltr'>Patris.</span> 
     </span>
     <span class='ocr_line' id='line_1_76' title="bbox 17 4482 1847 4575; baseline 0.013 -39"><span class='ocrx_word' id='word_1_716' title='bbox 17 4554 20 4559; x_wconf 28' lang='grc' dir='ltr'>Ι</span> <span class='ocrx_word' id='word_1_717' title='bbox 143 4482 171 4536; x_wconf 83' lang='lat' dir='ltr'>Si</span> <span class='ocrx_word' id='word_1_718' title='bbox 187 4482 341 4554; x_wconf 80' lang='lat' dir='ltr'>Apostolus</span> <span class='ocrx_word' id='word_1_719' title='bbox 356 4483 385 4538; x_wconf 93' lang='lat' dir='ltr'>in</span> <span class='ocrx_word' id='word_1_720' title='bbox 402 4482 655 4556; x_wconf 78' lang='lat' dir='ltr'>luminagantium</span> <span class='ocrx_word' id='word_1_721' title='bbox 671 4484 840 4555; x_wconf 90' lang='lat' dir='ltr'>positusest</span> <span class='ocrx_word' id='word_1_722' title='bbox 855 4490 888 4542; x_wconf 94' lang='lat' dir='ltr'>ut</span> <span class='ocrx_word' id='word_1_723' title='bbox 902 4487 968 4545; x_wconf 88' lang='lat' dir='ltr'>doe·</span> <span class='ocrx_word' id='word_1_724' title='bbox 1052 4487 1080 4544; x_wconf 89' lang='grc'>7.</span> <span class='ocrx_word' id='word_1_725' title='bbox 1097 4493 1171 4545; x_wconf 82' lang='lat' dir='ltr'>Auo.</span> <span class='ocrx_word' id='word_1_726' title='bbox 1189 4489 1278 4546; x_wconf 83' lang='lat' dir='ltr'>dixit:</span> <span class='ocrx_word' id='word_1_727' title='bbox 1297 4492 1354 4549; x_wconf 77' lang='lat' dir='ltr'>lies</span> <span class='ocrx_word' id='word_1_728' title='bbox 1369 4495 1496 4567; x_wconf 91' lang='lat' dir='ltr'>loqueris</span> <span class='ocrx_word' id='word_1_729' title='bbox 1516 4501 1697 4556; x_wconf 85' lang='lat' dir='ltr'>necessarias</span> <span class='ocrx_word' id='word_1_730' title='bbox 1712 4499 1847 4575; x_wconf 88' lang='lat' dir='ltr'>quidem,</span> 
     </span>
    </p>

    <p class='ocr_par' dir='ltr' id='par_1_19' title="bbox 34 4572 1848 5449">
     <span class='ocr_line' id='line_1_77' title="bbox 34 4572 1848 4658; baseline 0.012 -32"><span class='ocrx_word' id='word_1_731' title='bbox 34 4584 37 4589; x_wconf 87' lang='lat'>·</span> <span class='ocrx_word' id='word_1_732' title='bbox 142 4572 968 4646; x_wconf 83' lang='lat' dir='ltr'>t0r‚qusntomagisSpiritussanctus‚quiilluminatcr</span> <span class='ocrx_word' id='word_1_733' title='bbox 1016 4575 1661 4658; x_wconf 82' lang='lat' dir='ltr'>sednonadcausam.Adinterrogationem</span> <span class='ocrx_word' id='word_1_734' title='bbox 1676 4606 1848 4648; x_wconf 89' lang='lat' dir='ltr'>meamnon</span> 
     </span>
     <span class='ocr_line' id='line_1_78' title="bbox 142 4658 1848 4744; baseline 0.013 -29"><span class='ocrx_word' id='word_1_735' title='bbox 142 4658 369 4731; x_wconf 77' lang='lat' dir='ltr'>estepostoli;in</span> <span class='ocrx_word' id='word_1_736' title='bbox 382 4660 727 4733; x_wconf 85' lang='lat' dir='ltr'>quollpostoluslooutus</span> <span class='ocrx_word' id='word_1_737' title='bbox 742 4665 966 4731; x_wconf 86' lang='lat' dir='ltr'>est‚sccundum</span> <span class='ocrx_word' id='word_1_738' title='bbox 1017 4666 1204 4737; x_wconf 87' lang='lat' dir='ltr'>respondisti,</span> <span class='ocrx_word' id='word_1_739' title='bbox 1220 4674 1361 4727; x_wconf 87' lang='lat' dir='ltr'>ettamen</span> <span class='ocrx_word' id='word_1_740' title='bbox 1392 4672 1484 4730; x_wconf 89' lang='lat' dir='ltr'>multa</span> <span class='ocrx_word' id='word_1_741' title='bbox 1498 4675 1607 4732; x_wconf 82' lang='lat' dir='ltr'>dixisti.</span> <span class='ocrx_word' id='word_1_742' title='bbox 1619 4678 1649 4734; x_wconf 88' lang='lat' dir='ltr'>Si</span> <span class='ocrx_word' id='word_1_743' title='bbox 1660 4677 1744 4744; x_wconf 81' lang='lat' dir='ltr'>velis,</span> <span class='ocrx_word' id='word_1_744' title='bbox 1760 4680 1848 4739; x_wconf 89' lang='lat' dir='ltr'>relic·</span> 
     </span>
     <span class='ocr_line' id='line_1_79' title="bbox 143 4747 1847 4834; baseline 0.014 -31"><span class='ocrx_word' id='word_1_745' title='bbox 143 4747 238 4821; x_wconf 88' lang='lat' dir='ltr'>ipsius</span> <span class='ocrx_word' id='word_1_746' title='bbox 254 4748 381 4821; x_wconf 82' lang='lat' dir='ltr'>Apostoli</span> <span class='ocrx_word' id='word_1_747' title='bbox 395 4750 482 4817; x_wconf 89' lang='lat' dir='ltr'>diota,</span> <span class='ocrx_word' id='word_1_748' title='bbox 496 4751 565 4822; x_wconf 91' lang='lat' dir='ltr'>quia</span> <span class='ocrx_word' id='word_1_749' title='bbox 581 4767 663 4807; x_wconf 85' lang='lat' dir='ltr'>nemo</span> <span class='ocrx_word' id='word_1_750' title='bbox 675 4754 760 4824; x_wconf 82' lang='lat' dir='ltr'>potest</span> <span class='ocrx_word' id='word_1_751' title='bbox 771 4751 861 4809; x_wconf 64' lang='lat' dir='ltr'>diere</span> <span class='ocrx_word' id='word_1_752' title='bbox 872 4758 965 4810; x_wconf 83' lang='lat' dir='ltr'>Dome—</span> <span class='ocrx_word' id='word_1_753' title='bbox 1015 4755 1047 4808; x_wconf 82' lang='lat' dir='ltr'>te</span> <span class='ocrx_word' id='word_1_754' title='bbox 1061 4757 1300 4830; x_wconf 76' lang='lat' dir='ltr'>quaestioneque</span> <span class='ocrx_word' id='word_1_755' title='bbox 1316 4759 1392 4817; x_wconf 88' lang='lat' dir='ltr'>inter</span> <span class='ocrx_word' id='word_1_756' title='bbox 1406 4778 1458 4818; x_wconf 91' lang='lat' dir='ltr'>uos</span> <span class='ocrx_word' id='word_1_757' title='bbox 1473 4763 1736 4834; x_wconf 80' lang='lat' dir='ltr'>vertitur,redrlere</span> <span class='ocrx_word' id='word_1_758' title='bbox 1747 4772 1847 4827; x_wconf 88' lang='lat' dir='ltr'>totum</span> 
     </span>
     <span class='ocr_line' id='line_1_80' title="bbox 143 4839 1848 4931; baseline 0.014 -39"><span class='ocrx_word' id='word_1_759' title='bbox 143 4840 387 4905; x_wconf 67' lang='lat' dir='ltr'>comisceamini</span> <span class='ocrx_word' id='word_1_760' title='bbox 397 4839 647 4909; x_wconf 78' lang='lat' dir='ltr'>inspiritusonoto</span> <span class='ocrx_word' id='word_1_761' title='bbox 658 4840 848 4912; x_wconf 78' lang='lat' dir='ltr'>(icor.xrr‚3)?</span> <span class='ocrx_word' id='word_1_762' title='bbox 861 4840 966 4914; x_wconf 89' lang='lat' dir='ltr'>Utique</span> <span class='ocrx_word' id='word_1_763' title='bbox 1016 4840 1217 4917; x_wconf 80' lang='lat' dir='ltr'>Evangelium,</span> <span class='ocrx_word' id='word_1_764' title='bbox 1234 4849 1284 4920; x_wconf 90' lang='lat' dir='ltr'>qui</span> <span class='ocrx_word' id='word_1_765' title='bbox 1300 4848 1362 4905; x_wconf 90' lang='lat' dir='ltr'>dies</span> <span class='ocrx_word' id='word_1_766' title='bbox 1386 4850 1548 4921; x_wconf 80' lang='lat' dir='ltr'>sufiiciunt,</span> <span class='ocrx_word' id='word_1_767' title='bbox 1566 4859 1708 4924; x_wconf 87' lang='lat' dir='ltr'>quantum</span> <span class='ocrx_word' id='word_1_768' title='bbox 1732 4860 1848 4931; x_wconf 85' lang='lat' dir='ltr'>tempo·</span> 
     </span>
     <span class='ocr_line' id='line_1_81' title="bbox 141 4925 1835 5006; baseline 0.014 -24"><span class='ocrx_word' id='word_1_769' title='bbox 141 4925 323 4984; x_wconf 85' lang='lat' dir='ltr'>illuminator</span> <span class='ocrx_word' id='word_1_770' title='bbox 336 4931 382 4984; x_wconf 89' lang='lat' dir='ltr'>est</span> <span class='ocrx_word' id='word_1_771' title='bbox 394 4927 522 5001; x_wconf 88' lang='lat' dir='ltr'>Spiritus</span> <span class='ocrx_word' id='word_1_772' title='bbox 537 4934 667 4997; x_wconf 86' lang='lat' dir='ltr'>sauctus,</span> <span class='ocrx_word' id='word_1_773' title='bbox 682 4927 858 4985; x_wconf 80' lang='lat' dir='ltr'>illuminarit</span> <span class='ocrx_word' id='word_1_774' title='bbox 873 4932 964 5002; x_wconf 83' lang='lat' dir='ltr'>Apos-</span> <span class='ocrx_word' id='word_1_775' title='bbox 1016 4930 1056 4987; x_wconf 90' lang='lat' dir='ltr'>ris</span> <span class='ocrx_word' id='word_1_776' title='bbox 1072 4934 1199 5005; x_wconf 84' lang='lat' dir='ltr'>spatium</span> <span class='ocrx_word' id='word_1_777' title='bbox 1224 4939 1422 4995; x_wconf 89' lang='lat' dir='ltr'>necessarium</span> <span class='ocrx_word' id='word_1_778' title='bbox 1447 4940 1512 4997; x_wconf 76' lang='lat' dir='ltr'>esti</span> <span class='ocrx_word' id='word_1_779' title='bbox 1536 4942 1662 5000; x_wconf 86' lang='lat' dir='ltr'>Breviter</span> <span class='ocrx_word' id='word_1_780' title='bbox 1686 4944 1759 5002; x_wconf 88' lang='lat' dir='ltr'>mihi</span> <span class='ocrx_word' id='word_1_781' title='bbox 1785 4948 1835 5006; x_wconf 90' lang='lat' dir='ltr'>dic</span> 
     </span>
     <span class='ocr_line' id='line_1_82' title="bbox 140 4994 1847 5107; baseline 0.013 -36"><span class='ocrx_word' id='word_1_782' title='bbox 140 5016 245 5073; x_wconf 90' lang='lat' dir='ltr'>tolum.</span> <span class='ocrx_word' id='word_1_783' title='bbox 261 5019 316 5073; x_wconf 86' lang='lat' dir='ltr'>Sed</span> <span class='ocrx_word' id='word_1_784' title='bbox 331 5017 459 5089; x_wconf 87' lang='lat' dir='ltr'>Spiritus</span> <span class='ocrx_word' id='word_1_785' title='bbox 482 5018 764 5074; x_wconf 84' lang='lat' dir='ltr'>sauctusaGhristo</span> <span class='ocrx_word' id='word_1_786' title='bbox 779 5019 900 5091; x_wconf 88' lang='lat' dir='ltr'>accepit,</span> <span class='ocrx_word' id='word_1_787' title='bbox 916 5035 964 5076; x_wconf 91' lang='lat' dir='ltr'>se·</span> <span class='ocrx_word' id='word_1_788' title='bbox 1015 5020 1153 5091; x_wconf 84' lang='lat' dir='ltr'>quonism</span> <span class='ocrx_word' id='word_1_789' title='bbox 1169 5022 1343 5097; x_wconf 79' lang='lat' dir='ltr'>interrogavi</span> <span class='ocrx_word' id='word_1_790' title='bbox 1373 5031 1412 5094; x_wconf 82' lang='lat' dir='ltr'>te,</span> <span class='ocrx_word' id='word_1_791' title='bbox 1440 5034 1540 5085; x_wconf 90' lang='lat' dir='ltr'>utrum</span> <span class='ocrx_word' id='word_1_792' title='bbox 1570 5030 1718 5091; x_wconf 89' lang='lat' dir='ltr'>illuminet</span> <span class='ocrx_word' id='word_1_793' title='bbox 1740 5051 1793 5107; x_wconf 90' lang='lat' dir='ltr'>per</span> <span class='ocrx_word' id='word_1_794' title='bbox 1813 4994 1847 5096; x_wconf 71' lang='lat' dir='ltr'>ee⁸</span> 
     </span>
     <span class='ocr_line' id='line_1_83' title="bbox 139 5105 1845 5196; baseline 0.012 -34"><span class='ocrx_word' id='word_1_795' title='bbox 139 5107 270 5162; x_wconf 89' lang='lat' dir='ltr'>cundum</span> <span class='ocrx_word' id='word_1_796' title='bbox 294 5107 389 5180; x_wconf 87' lang='lat' dir='ltr'>ipsius</span> <span class='ocrx_word' id='word_1_797' title='bbox 407 5105 514 5161; x_wconf 88' lang='lat' dir='ltr'>Christi</span> <span class='ocrx_word' id='word_1_798' title='bbox 537 5107 749 5173; x_wconf 83' lang='lat' dir='ltr'>testimouium,</span> <span class='ocrx_word' id='word_1_799' title='bbox 763 5108 839 5163; x_wconf 90' lang='lat' dir='ltr'>sicut</span> <span class='ocrx_word' id='word_1_800' title='bbox 867 5108 908 5164; x_wconf 90' lang='lat' dir='ltr'>ait</span> <span class='ocrx_word' id='word_1_801' title='bbox 933 5108 963 5166; x_wconf 87' lang='lat' dir='ltr'>iri</span> <span class='ocrx_word' id='word_1_802' title='bbox 1014 5106 1112 5181; x_wconf 83' lang='lat' dir='ltr'>ipsum</span> <span class='ocrx_word' id='word_1_803' title='bbox 1123 5110 1270 5179; x_wconf 83' lang='lat' dir='ltr'>Christus,</span> <span class='ocrx_word' id='word_1_804' title='bbox 1287 5129 1324 5170; x_wconf 88' lang='lat' dir='ltr'>au</span> <span class='ocrx_word' id='word_1_805' title='bbox 1341 5132 1398 5171; x_wconf 91' lang='lat' dir='ltr'>non</span> <span class='ocrx_word' id='word_1_806' title='bbox 1414 5115 1623 5175; x_wconf 89' lang='lat' dir='ltr'>illuminetnisi</span> <span class='ocrx_word' id='word_1_807' title='bbox 1635 5123 1845 5196; x_wconf 77' lang='lat' dir='ltr'>perspiritum</span> 
     </span>
     <span class='ocr_line' id='line_1_84' title="bbox 139 5193 1845 5287; baseline 0.013 -36"><span class='ocrx_word' id='word_1_808' title='bbox 139 5194 438 5269; x_wconf 72' lang='lat' dir='ltr'>EvangelioGhristus</span> <span class='ocrx_word' id='word_1_809' title='bbox 450 5193 550 5252; x_wconf 70' lang='lat' dir='ltr'>:dotto</span> <span class='ocrx_word' id='word_1_810' title='bbox 561 5196 727 5252; x_wconf 83' lang='lat' dir='ltr'>hoteooohis</span> <span class='ocrx_word' id='word_1_811' title='bbox 737 5195 836 5264; x_wconf 80' lang='lat' dir='ltr'>dicere,</span> <span class='ocrx_word' id='word_1_812' title='bbox 847 5197 894 5253; x_wconf 86' lang='lat' dir='ltr'>sed</span> <span class='ocrx_word' id='word_1_813' title='bbox 908 5213 963 5256; x_wconf 84' lang='lat' dir='ltr'>non</span> <span class='ocrx_word' id='word_1_814' title='bbox 1014 5204 1160 5257; x_wconf 83' lang='lat' dir='ltr'>sanctum.</span> <span class='ocrx_word' id='word_1_815' title='bbox 1177 5199 1240 5256; x_wconf 91' lang='lat' dir='ltr'>Nou</span> <span class='ocrx_word' id='word_1_816' title='bbox 1255 5202 1353 5259; x_wconf 91' lang='lat' dir='ltr'>solum</span> <span class='ocrx_word' id='word_1_817' title='bbox 1369 5205 1404 5261; x_wconf 93' lang='lat' dir='ltr'>ad</span> <span class='ocrx_word' id='word_1_818' title='bbox 1425 5206 1481 5264; x_wconf 89' lang='lat' dir='ltr'>hoc</span> <span class='ocrx_word' id='word_1_819' title='bbox 1505 5210 1682 5281; x_wconf 88' lang='lat' dir='ltr'>respondere</span> <span class='ocrx_word' id='word_1_820' title='bbox 1708 5211 1845 5287; x_wconf 86' lang='lat' dir='ltr'>noluisti,</span> 
     </span>
     <span class='ocr_line' id='line_1_85' title="bbox 136 5283 1845 5376; baseline 0.009 -38"><span class='ocrx_word' id='word_1_821' title='bbox 136 5287 251 5356; x_wconf 83' lang='lat' dir='ltr'>potestis</span> <span class='ocrx_word' id='word_1_822' title='bbox 260 5283 653 5357; x_wconf 81' lang='lat' dir='ltr'>portorcmodoscumuotem</span> <span class='ocrx_word' id='word_1_823' title='bbox 665 5285 771 5340; x_wconf 83' lang='lat' dir='ltr'>venerit</span> <span class='ocrx_word' id='word_1_824' title='bbox 782 5287 831 5341; x_wconf 86' lang='lat' dir='ltr'>tite</span> <span class='ocrx_word' id='word_1_825' title='bbox 842 5287 963 5359; x_wconf 85' lang='lat' dir='ltr'>Spiritus</span> <span class='ocrx_word' id='word_1_826' title='bbox 1014 5287 1064 5342; x_wconf 89' lang='lat' dir='ltr'>sed</span> <span class='ocrx_word' id='word_1_827' title='bbox 1081 5286 1106 5344; x_wconf 91' lang='lat' dir='ltr'>si</span> <span class='ocrx_word' id='word_1_828' title='bbox 1122 5304 1168 5343; x_wconf 92' lang='lat' dir='ltr'>me</span> <span class='ocrx_word' id='word_1_829' title='bbox 1183 5307 1241 5346; x_wconf 92' lang='lat' dir='ltr'>non</span> <span class='ocrx_word' id='word_1_830' title='bbox 1257 5290 1334 5348; x_wconf 83' lang='lat' dir='ltr'>fallit</span> <span class='ocrx_word' id='word_1_831' title='bbox 1358 5293 1434 5362; x_wconf 76' lang='lat' dir='ltr'>quod</span> <span class='ocrx_word' id='word_1_832' title='bbox 1451 5295 1558 5366; x_wconf 87' lang='lat' dir='ltr'>audivi,</span> <span class='ocrx_word' id='word_1_833' title='bbox 1585 5298 1680 5371; x_wconf 79' lang='lat' dir='ltr'>magis</span> <span class='ocrx_word' id='word_1_834' title='bbox 1699 5301 1845 5376; x_wconf 80' lang='lat' dir='ltr'>Spiritum</span> 
     </span>
     <span class='ocr_line' id='line_1_86' title="bbox 136 5373 1687 5449; baseline 0.011 -21"><span class='ocrx_word' id='word_1_835' title='bbox 136 5374 379 5446; x_wconf 54' lang='lat' dir='ltr'>commendasset</span> <span class='ocrx_word' id='word_1_836' title='bbox 389 5389 433 5428; x_wconf 85' lang='lat' dir='ltr'>uos</span> <span class='ocrx_word' id='word_1_837' title='bbox 444 5375 590 5429; x_wconf 86' lang='lat' dir='ltr'>inomnem</span> <span class='ocrx_word' id='word_1_838' title='bbox 600 5373 751 5428; x_wconf 84' lang='lat' dir='ltr'>veritatem.</span> <span class='ocrx_word' id='word_1_839' title='bbox 764 5376 823 5430; x_wconf 85' lang='lat' dir='ltr'>Non</span> <span class='ocrx_word' id='word_1_840' title='bbox 832 5378 907 5431; x_wconf 83' lang='lat' dir='ltr'>mim</span> <span class='ocrx_word' id='word_1_841' title='bbox 921 5378 961 5434; x_wconf 88' lang='lat' dir='ltr'>to·</span> <span class='ocrx_word' id='word_1_842' title='bbox 1013 5381 1148 5432; x_wconf 89' lang='lat' dir='ltr'>sanctum</span> <span class='ocrx_word' id='word_1_843' title='bbox 1165 5394 1215 5449; x_wconf 88' lang='lat' dir='ltr'>per</span> <span class='ocrx_word' id='word_1_844' title='bbox 1229 5380 1377 5438; x_wconf 77' lang='lat' dir='ltr'>Christum</span> <span class='ocrx_word' id='word_1_845' title='bbox 1393 5381 1563 5442; x_wconf 87' lang='lat' dir='ltr'>illuminare</span> <span class='ocrx_word' id='word_1_846' title='bbox 1577 5387 1687 5446; x_wconf 82' lang='lat' dir='ltr'>dixisti.</span> 
     </span>
    </p>

    <p class='ocr_par' dir='ltr' id='par_1_20' title="bbox 38 5458 1845 5824">
     <span class='ocr_line' id='line_1_87' title="bbox 38 5458 1845 5553; baseline 0.015 -38"><span class='ocrx_word' id='word_1_847' title='bbox 38 5458 42 5463; x_wconf 85' lang='lat'>&#39;</span> <span class='ocrx_word' id='word_1_848' title='bbox 138 5464 357 5532; x_wconf 63' lang='lat' dir='ltr'>aestimassem</span> <span class='ocrx_word' id='word_1_849' title='bbox 363 5460 666 5534; x_wconf 77' lang='lat' dir='ltr'>quecumqocondicrit</span> <span class='ocrx_word' id='word_1_850' title='bbox 676 5463 961 5533; x_wconf 79' lang='lat' dir='ltr'>loquetur,etusnturo</span> <span class='ocrx_word' id='word_1_851' title='bbox 1048 5465 1123 5522; x_wconf 79' lang='lat' dir='ltr'>Max.</span> <span class='ocrx_word' id='word_1_852' title='bbox 1139 5468 1289 5542; x_wconf 88' lang='lat' dir='ltr'>respondit</span> <span class='ocrx_word' id='word_1_853' title='bbox 1302 5485 1309 5525; x_wconf 92' lang='lat'>:</span> <span class='ocrx_word' id='word_1_854' title='bbox 1321 5470 1385 5527; x_wconf 90' lang='lat' dir='ltr'>Non</span> <span class='ocrx_word' id='word_1_855' title='bbox 1403 5473 1685 5549; x_wconf 74' lang='lat' dir='ltr'>decetinreligione.</span> <span class='ocrx_word' id='word_1_856' title='bbox 1700 5487 1845 5553; x_wconf 77' lang='lat' dir='ltr'>praterea</span> 
     </span>
     <span class='ocr_line' id='line_1_88' title="bbox 137 5551 1843 5644; baseline 0.015 -42"><span class='ocrx_word' id='word_1_857' title='bbox 137 5551 317 5607; x_wconf 80' lang='lat' dir='ltr'>mnrsntiobit</span> <span class='ocrx_word' id='word_1_858' title='bbox 335 5552 418 5607; x_wconf 85' lang='lat' dir='ltr'>votis.</span> <span class='ocrx_word' id='word_1_859' title='bbox 434 5552 483 5608; x_wconf 84' lang='lat' dir='ltr'>lttc</span> <span class='ocrx_word' id='word_1_860' title='bbox 492 5551 718 5622; x_wconf 77' lang='lat' dir='ltr'>meciarifioatit,</span> <span class='ocrx_word' id='word_1_861' title='bbox 732 5551 903 5623; x_wconf 81' lang='lat' dir='ltr'>quiademeo</span> <span class='ocrx_word' id='word_1_862' title='bbox 914 5569 959 5610; x_wconf 88' lang='lat' dir='ltr'>oc·</span> <span class='ocrx_word' id='word_1_863' title='bbox 1011 5569 1076 5610; x_wconf 89' lang='lat' dir='ltr'>curn</span> <span class='ocrx_word' id='word_1_864' title='bbox 1086 5556 1122 5612; x_wconf 90' lang='lat' dir='ltr'>de</span> <span class='ocrx_word' id='word_1_865' title='bbox 1132 5555 1190 5613; x_wconf 88' lang='lat' dir='ltr'>Deo</span> <span class='ocrx_word' id='word_1_866' title='bbox 1203 5556 1370 5631; x_wconf 83' lang='lat' dir='ltr'>loquamur,</span> <span class='ocrx_word' id='word_1_867' title='bbox 1378 5561 1557 5621; x_wconf 84' lang='lat' dir='ltr'>calumniam</span> <span class='ocrx_word' id='word_1_868' title='bbox 1568 5564 1686 5624; x_wconf 81' lang='lat' dir='ltr'>interce.</span> <span class='ocrx_word' id='word_1_869' title='bbox 1695 5568 1755 5644; x_wconf 72' lang='lat' dir='ltr'>Ego</span> <span class='ocrx_word' id='word_1_870' title='bbox 1762 5577 1843 5631; x_wconf 79' lang='lat' dir='ltr'>etre-</span> 
     </span>
     <span class='ocr_line' id='line_1_89' title="bbox 137 5637 1841 5728; baseline 0.016 -35"><span class='ocrx_word' id='word_1_871' title='bbox 137 5637 229 5709; x_wconf 85' lang='lat' dir='ltr'>cipiet,</span> <span class='ocrx_word' id='word_1_872' title='bbox 242 5641 270 5692; x_wconf 88' lang='lat' dir='ltr'>et</span> <span class='ocrx_word' id='word_1_873' title='bbox 280 5641 459 5697; x_wconf 76' lang='lat' dir='ltr'>annuntiabit</span> <span class='ocrx_word' id='word_1_874' title='bbox 476 5642 552 5697; x_wconf 83' lang='lat' dir='ltr'>cotis</span> <span class='ocrx_word' id='word_1_875' title='bbox 576 5642 664 5712; x_wconf 80' lang='lat' dir='ltr'>(ioan.</span> <span class='ocrx_word' id='word_1_876' title='bbox 684 5658 744 5709; x_wconf 80' lang='lat' dir='ltr'>xrs,</span> <span class='ocrx_word' id='word_1_877' title='bbox 760 5641 866 5709; x_wconf 80' lang='lat' dir='ltr'>l2-li).</span> <span class='ocrx_word' id='word_1_878' title='bbox 886 5641 959 5717; x_wconf 79' lang='lat' dir='ltr'>urge</span> <span class='ocrx_word' id='word_1_879' title='bbox 1010 5647 1841 5728; x_wconf 64' lang='lat' dir='ltr'>sponsumdautatsinonsufficiuntqnauiximusnudi·</span> 
     </span>
     <span class='ocr_line' id='line_1_90' title="bbox 130 5725 1839 5824; baseline 0.016 -41"><span class='ocrx_word' id='word_1_880' title='bbox 130 5725 265 5798; x_wconf 73' lang='lat' dir='ltr'>Spiritus</span> <span class='ocrx_word' id='word_1_881' title='bbox 277 5732 401 5786; x_wconf 86' lang='lat' dir='ltr'>sanctus</span> <span class='ocrx_word' id='word_1_882' title='bbox 410 5728 549 5802; x_wconf 82' lang='lat' dir='ltr'>accepite</span> <span class='ocrx_word' id='word_1_883' title='bbox 562 5729 687 5799; x_wconf 76' lang='lat' dir='ltr'>Christo,</span> <span class='ocrx_word' id='word_1_884' title='bbox 702 5730 958 5791; x_wconf 84' lang='lat' dir='ltr'>seeundumtesti-</span> <span class='ocrx_word' id='word_1_885' title='bbox 1009 5748 1077 5791; x_wconf 86' lang='lat' dir='ltr'>mus</span> <span class='ocrx_word' id='word_1_886' title='bbox 1087 5733 1266 5808; x_wconf 85' lang='lat' dir='ltr'>testimonia,</span> <span class='ocrx_word' id='word_1_887' title='bbox 1280 5736 1352 5811; x_wconf 83' lang='lat' dir='ltr'>quia</span> <span class='ocrx_word' id='word_1_888' title='bbox 1359 5755 1414 5813; x_wconf 90' lang='lat' dir='ltr'>per</span> <span class='ocrx_word' id='word_1_889' title='bbox 1426 5740 1530 5803; x_wconf 81' lang='lat' dir='ltr'>iesum</span> <span class='ocrx_word' id='word_1_890' title='bbox 1543 5743 1694 5807; x_wconf 78' lang='lat' dir='ltr'>Christum</span> <span class='ocrx_word' id='word_1_891' title='bbox 1708 5747 1839 5824; x_wconf 83' lang='lat' dir='ltr'>Spiritus</span> 
     </span>
    </p>
   </div>
   <div class='ocr_carea' id='block_1_15' title="bbox 0 0 1958 6128">
    <p class='ocr_par' dir='ltr' id='par_1_21' title="bbox 0 0 1958 6128">
     <span class='ocr_line' id='line_1_91' title="bbox 0 0 1958 6128; baseline 0 9"><span class='ocrx_word' id='word_1_892' title='bbox 0 0 1958 6128; x_wconf 95' lang='lat' dir='ltr'> </span> 
     </span>
    </p>
   </div>
  </div>
 </body>
</html>
