3908 6128
81 306 137 368 sor
772 302 889 365 erens
912 302 1110 375 cusanus.
1730 310 1791 374 902
1826 344 1829 351 .
1932 278 1934 285 '

82 440 166 509 hum,
184 455 234 510 per
245 437 390 495 interioris
401 443 496 493 lamen
508 441 618 494 natura
630 437 844 508 susceptionem
856 434 908 489 ali·
962 435 1051 489 aciem
1065 436 1169 491 mentis
1183 436 1257 492 ultra
1269 454 1385 493 omnem
1399 444 1563 495 ereaturam
1580 442 1792 512 transmittere,
1889 468 1892 475 ·

83 528 154 600 quid
166 527 288 584 interius
305 528 363 600 pati
379 531 486 600 posset,
499 528 576 600 quod
592 526 764 582 immundus
783 526 908 592 damon,
962 530 990 579 et
1001 524 1094 578 lucem
1112 525 1362 582 incommutabilis
1378 529 1507 584 veritatis
1520 530 1793 605 quantulacumque

84 617 155 690 quia
175 621 323 672 terrenum
343 633 451 689 corpus
467 633 524 672 non
542 615 639 680 hahet,
656 614 715 687 pati
731 630 789 669 nou
807 611 908 684 possit.
964 628 997 667 ex
1014 616 1093 682 parte
1102 613 1679 688 contingere:quodchristianosmultoe
1689 637 1724 677 ex
1734 621 1791 678 ilde

83 706 131 762 Sic
147 722 213 761 cum
230 706 291 762 sint
306 705 361 778 ipsi
372 705 556 761 demonibus
569 704 715 770 meliores,
727 707 825 758 tamen
842 701 912 773 quia
965 700 1083 756 interim
1100 701 1161 757 sola
1175 701 1314 772 viventes,
1339 705 1470 761 nundum
1493 708 1624 778 potuisse
1645 709 1789 767 derident.

83 811 203 851 carnem
217 798 345 867 portant,
364 793 439 849 mori
458 793 500 849 sie
512 796 646 866 possunt,
658 791 908 864 quemadmodum
965 789 1018 844 Sed
1036 788 1104 861 quid
1117 791 1236 861 prodest
1246 793 1438 864 superbienti,
1451 801 1480 850 et
1490 796 1527 851 ob
1542 795 1597 853 hoe
1607 797 1790 855 erubescenti
1895 790 1899 807 ¹

85 883 158 939 mori
170 882 445 953 damonesquinou
457 898 520 938 eam
531 885 719 954 portant,non
729 879 830 952 utique
841 895 909 950 pos·
964 877 1078 950 lignum
1103 881 1307 948 conscendere,
1324 882 1359 938 de
1380 883 1539 957 longinquo
1560 887 1724 958 prospicere
1739 904 1790 961 pa.

84 976 165 1027 suut.
186 970 217 1026 lli
239 987 305 1026 cum
322 970 357 1026 de
379 971 523 1028 mortibus
544 969 752 1025 sacrificiorum
768 965 909 1024 suorum¹
964 967 1301 1026 trismtrsnsmarinsml
1311 973 1367 1027 Aut
1377 973 1445 1045 quid
1456 973 1652 1031 obesthumili
1663 976 1698 1032 de
1707 981 1790 1035 tauto

83 1059 213 1116 multum
226 1065 416 1132 praesumant,
428 1076 492 1132 que
507 1074 539 1114 se
549 1057 704 1114 fallacibus
718 1056 911 1128 superbisque
963 1055 1115 1113 intervallo
1131 1074 1188 1114 non
1203 1075 1267 1114 eam
1282 1061 1389 1133 videre,
1405 1063 1434 1117 in
1450 1062 1501 1118 illo
1516 1063 1594 1137 ligno
1609 1065 1644 1121 ad
1660 1082 1725 1122 eam
1739 1082 1788 1124 ve·

82 1148 237 1223 spiritibus
251 1146 405 1205 immolare
420 1164 477 1204 non
492 1146 633 1218 sentiunt,
646 1144 732 1202 uulsi
743 1144 829 1217 jam¹
844 1158 911 1200 seu·
964 1145 1066 1212 nienti,
1083 1163 1141 1218 quo
1158 1148 1334 1220 dedignatur
1345 1150 1393 1206 ille
1410 1153 1542 1225 portari?

82 1238 170 1306 tiuut,
187 1235 297 1309 aliquid
313 1236 369 1293 eibi
385 1237 524 1310 prodesse
537 1236 718 1293 arbitrantur
732 1233 911 1306 perlldorum
1000 1234 1116 1291 CAPUT
1135 1236 1205 1293 ltVl.
1220 1269 1256 1279 -
1269 1239 1314 1295 21.
1331 1241 1492 1313 Philosophi
1506 1247 1605 1300 unerm
1619 1242 1653 1301 de
1666 1259 1790 1303 resurre-
1901 1238 1934 1291 ...²

81 1331 110 1382 et
123 1325 288 1381 invidorum
298 1326 469 1392 amicitiam,
481 1341 604 1398 quorum
616 1322 785 1381 intentionis
796 1320 911 1378 nullum
939 1338 943 1343 ·
964 1327 1053 1382 ctione
1063 1341 1096 1381 uc
1108 1328 1187 1383 nehus
1194 1330 1298 1398 schiris
1307 1345 1362 1386 nun
1370 1332 1540 1388 consulendi.
1551 1333 1584 1387 Hi
1597 1333 1684 1390 etiam
1697 1351 1792 1392 resur·

83 1414 233 1487 negotium
248 1418 303 1482 est,
318 1414 373 1470 nisi
389 1415 542 1486 impeditio
557 1415 669 1470 reditus
686 1411 789 1469 nostri.
966 1414 1122 1471 rectionem
1139 1417 1236 1472 caruis
1247 1434 1301 1473 nos
1312 1421 1429 1475 credero
1439 1421 1666 1494 reprehendunt,
1676 1424 1792 1497 sibique
1891 1464 1894 1473 ·
1920 1444 1924 1451 ¹

61 1532 66 1540 -
119 1502 312 1560 CAPUTXIV.
320 1504 399 1558 -·19.
408 1502 532 1559 Christus
537 1502 911 1575 perfectissimcmctimcpro
965 1503 1063 1574 polius
1078 1503 1164 1560 etism
1182 1506 1217 1561 de
1232 1505 1279 1563 his
1290 1508 1377 1564 rebus
1392 1510 1469 1566 credi
1484 1510 1593 1568 volunt.
1607 1513 1697 1577 Quasi
1711 1529 1790 1582 vero,

81 1591 911 1663 mundandieuitiienoelris.lncmnisocrificioquuluorcon·
966 1591 1035 1663 quia
1055 1593 1221 1666 precelsam
1242 1595 1574 1672 incommutabilemque
1593 1602 1790 1661 substantiam
1931 1628 1934 1655 r

82 1680 239 1737 siderandu.
249 1681 311 1738 Non
321 1679 491 1754 intelligunt
502 1698 537 1736 ue
552 1680 756 1753 ipsosquidem
766 1677 913 1751 superbis·
967 1697 1018 1753 per
1031 1680 1081 1737 illu
1095 1698 1158 1754 qua
1170 1683 1245 1739 lacta
1256 1689 1325 1741 sunt
1334 1685 1496 1761 intelligere
1507 1691 1761 1761 potuerunllliom.
1770 1706 1791 1761 r,
1891 1682 1898 1693 '
1917 1678 1933 1753 's

83 1770 307 1843 simosspiritus
323 1769 706 1827 honorihussacrillciorum
721 1768 846 1842 gaudere
858 1783 911 1840 po·
964 1769 1022 1841 20),
1038 1777 1190 1843 propterea
1208 1773 1244 1828 de
1269 1777 1456 1832 conversione
1470 1793 1567 1834 rerum
1591 1780 1792 1853 mutabilium,
1894 1764 1898 1773 ¹
1928 1816 1934 1827 ·

83 1859 188 1925 tuisse,
201 1858 257 1915 nisi
273 1859 323 1915 uni
339 1875 407 1915 vero
422 1859 480 1916 Deo
489 1876 541 1932 pro
556 1875 613 1931 quo
630 1858 683 1915 coli
695 1857 911 1922 volunt,verum
967 1863 1017 1913 aut
1031 1859 1067 1914 de
1083 1866 1217 1916 contexto
1228 1863 1400 1920 serculorum
1416 1866 1519 1921 ordine
1534 1867 1705 1925 consulendi
1722 1868 1792 1926 siut.

83 1948 262 2005 sacrificium
286 1948 454 2005 deberetur:
471 1965 564 2021 neque
584 1948 611 2003 id
629 1964 714 2021 posse
733 1947 788 2002 rite
804 1945 910 2013 offerri,
967 1947 1113 2019 Numquid
1128 1950 1204 2005 enim
1223 1953 1292 2022 quia
1306 1952 1457 2010 verissime
1477 1955 1641 2028 disputant,
1657 1962 1686 2013 el
1702 1958 1795 2014 docu-

84 2037 143 2094 nisi
160 2054 210 2110 per
221 2039 400 2094 sacerdotem
416 2041 552 2093 sanctum
563 2038 797 2108 etjustum:ncc
808 2033 864 2090 uisi
877 2034 912 2091 ah
967 2039 1075 2092 mentis
1091 2038 1261 2096 certissimis
1286 2043 1472 2112 persuadent,
1497 2045 1614 2101 ceteruia
1630 2046 1794 2104 rationibus

83 2124 128 2185 eis
143 2126 302 2200 accipiatur
330 2126 405 2198 quod
422 2126 552 2194 offertur,
576 2143 629 2198 pro
658 2125 766 2198 quibus
781 2124 911 2195 offertur,
966 2126 1066 2182 omniu
1081 2128 1253 2199 temporalia
1263 2129 1336 2196 lieri,
1346 2137 1498 2203 propterea
1509 2136 1667 2204 potuerunt
1679 2135 1707 2190 in
1719 2134 1794 2207 ipsis

84 2220 176 2289 atque
202 2215 230 2271 id
247 2216 311 2272 sine
325 2216 395 2272 vitio
416 2216 466 2287 sit,
483 2224 516 2271 ut
530 2232 582 2288 pro
596 2214 710 2271 vitiosis
732 2211 913 2269 mundandis
967 2214 1132 2272 rationibus
1143 2218 1315 2289 perspicere,
1326 2219 1368 2275 vel
1380 2237 1414 2275 ex
1424 2222 1497 2292 ipsis
1508 2221 1723 2295 colligerequot
1733 2224 1793 2281 siut

85 2305 181 2391 possit
193 2305 300 2361 ollerri.
319 2309 376 2361 Hoc
391 2309 468 2362 certe
483 2321 585 2361 omnes
600 2303 734 2376 cupiunt,
749 2303 798 2375 qui
816 2318 866 2374 pro
881 2316 913 2357 se
967 2302 1138 2360 animalium
1151 2322 1265 2376 genera,
1278 2323 1342 2379 quae
1357 2309 1469 2365 semina
1479 2309 1662 2383 singulorum
1673 2312 1701 2366 in
1714 2328 1795 2368 exor-
1889 2352 1894 2361 .

85 2393 182 2450 olierri
199 2393 374 2450 saerilioium
389 2396 443 2449 lleo
458 2393 568 2449 volunt.
580 2393 650 2458 Quis
665 2393 913 2465 ergotamJustue
967 2392 1034 2459 diis,
1051 2393 1100 2465 qui
1124 2395 1229 2451 modus
1259 2396 1287 2451 in
1303 2396 1500 2465 incrementis,
1519 2400 1569 2471 qui
1598 2400 1712 2456 numeri
1741 2417 1794 2475 per
1905 2392 1931 2453 .i

85 2487 115 2540 et
130 2487 251 2539 sanctus
276 2484 422 2554 sacerdos,
440 2499 528 2555 quam
549 2483 654 2539 unicus
669 2481 759 2538 Filius
785 2480 845 2549 Dei,
861 2479 913 2553 qui
968 2485 1137 2554 conceptus,
1154 2499 1206 2555 per
1225 2490 1319 2552 ortus,
1336 2503 1387 2559 per
1402 2492 1511 2560 etates,
1528 2505 1725 2562 percomesus,
1741 2489 1793 2563 qui
1888 2488 1907 2537 -'
1929 2480 1934 2487 ¹

33 2580 35 2584 '
85 2588 145 2629 nou
160 2589 235 2644 opus
251 2572 370 2628 haberet
384 2587 435 2645 per
449 2571 625 2627 sacrificium
641 2587 696 2628 sua
711 2586 835 2643 purgare
847 2584 914 2642 pec·
969 2574 1066 2627 motus
1081 2571 1109 2626 in
1126 2574 1296 2644 appetendis
1309 2592 1374 2647 quae
1390 2578 1551 2634 secuudum
1562 2583 1697 2636 naturam
1712 2583 1793 2652 sunt,

86 2665 161 2728 cata,
179 2677 232 2718 uec
242 2659 406 2734 originalia,
423 2660 792 2731 necexhumanavitaqurs
804 2657 915 2713 uddun·
970 2658 1174 2732 fugiendisque
1187 2663 1361 2719 contrariis?
1371 2665 1472 2721 Nonne
1482 2665 1539 2722 leta
1551 2668 1659 2733 omnia,
1672 2684 1729 2724 ρορ
1743 2684 1795 2739 per

85 2756 137 2807 tur
152 2751 242 2824 (llehr.
259 2750 324 2822 an‘l
344 2751 378 2806 ut
391 2750 460 2822 quid
477 2755 537 2806 tam
557 2755 751 2821 congruenter
769 2748 804 2803 ah
819 2746 914 2802 homi·
969 2747 1049 2803 illam
1065 2748 1333 2806 incommutabilem
1346 2753 1592 2824 sapientiam,sed
1602 2754 1794 2827 perlocorum

85 2839 176 2895 nibus
200 2846 368 2896 sumeretur
396 2840 472 2911 quod
490 2856 542 2911 pro
565 2839 608 2894 eis
635 2837 797 2905 offerretur,
824 2851 914 2908 quam
969 2853 1002 2891 uc
1016 2842 1181 2908 temporum
1196 2838 1349 2896 historiam
1366 2843 1552 2912 quesierunt,
1575 2848 1604 2900 et
1618 2845 1655 2899 ab
1669 2844 1728 2901 illis
1742 2860 1795 2901 ex-

85 2928 218 2984 humana
229 2928 315 2985 carol
326 2928 437 3000 lltquid
449 2933 508 2982 lam
518 2933 619 2999 aptum
629 2925 697 2982 huic
707 2924 913 2996 immutationi,
968 2930 1050 2996 perta
1065 2931 1152 2997 atque
1161 2927 1327 2999 conscripta
1336 2929 1541 2986 crediderunt?
1556 2931 1726 2997 Quomiuus
1736 2932 1795 2988 mi·
1902 2976 1905 2981 .

86 3033 177 3089 quam
202 3033 269 3072 caro
293 3016 445 3073 mortalis‘l
469 3017 503 3071 lit
526 3015 596 3088 quid
619 3020 679 3071 tam
695 3016 838 3071 muudum
862 3029 915 3085 pro
968 3015 1093 3069 randum
1109 3019 1164 3081 est,
1185 3016 1265 3070 nullo
1283 3017 1368 3073 modo
1389 3034 1438 3074 eos
1454 3019 1586 3090 potuisse
1605 3020 1794 3091 prolixiorum
1898 3014 1934 3035 ''

86 3104 266 3161 mundandis
279 3104 357 3160 vitiis
368 3104 546 3173 mortalium,
560 3120 648 3177 quam
663 3104 727 3160 sine
738 3102 799 3159 ulla
813 3109 915 3159 eonta-
969 3101 1142 3159 seculorum
1167 3105 1271 3161 seriem
1289 3106 1439 3178 vestigare,
1460 3114 1488 3163 et
1511 3109 1670 3181 quamdam
1686 3113 1795 3168 melam

85 3194 173 3268 gicue
185 3193 312 3250 carnalis
324 3194 570 3266 concupiscentiae
580 3210 646 3249 caro
661 3197 731 3249 nata
743 3193 774 3248 in
790 3197 871 3249 utero
886 3196 916 3248 et
968 3192 1058 3265 hujus
1073 3208 1223 3262 excursus,
1240 3210 1298 3265 quo
1312 3200 1453 3266 tanquam
1465 3197 1553 3252 llurio
1563 3212 1656 3269 genus
1667 3198 1797 3254 decurrit
1891 3202 1894 3207 '
1911 3176 1923 3273 ¹·

87 3300 123 3340 ex
134 3288 216 3339 utero
227 3282 414 3356 virginoliilit
425 3282 494 3354 quid
506 3289 565 3338 tam
575 3286 657 3356 grate
665 3283 760 3339 olierci
769 3280 915 3354 eteusoipi
969 3280 1142 3351 humanum,
1152 3286 1238 3353 alque
1246 3282 1313 3337 inde
1322 3284 1542 3341 conversionem
1550 3286 1586 3341 ad
1597 3285 1797 3358 euumcuique

87 3376 199 3445 posset,
216 3389 303 3444 quam
320 3388 387 3428 caro
402 3371 536 3427 sacrillcii
548 3371 651 3437 nostri,
663 3388 769 3444 corpus
779 3371 914 3426 eliectum
969 3369 1100 3424 debitum
1116 3370 1287 3426 terminum.
1300 3372 1445 3428 lslaeuim
1459 3389 1513 3429 nec
1528 3373 1658 3429 historici
1670 3373 1798 3431 scribere

88 3459 917 3533 sacerdotisnustri‘lthuoniamquatuorconsiderantur
969 3462 1128 3531 potueruut
1150 3456 1235 3530 longe
1259 3459 1358 3515 lutura
1381 3466 1442 3517 eta
1463 3461 1543 3518 nullo
1566 3467 1684 3533 experta
1705 3465 1796 3534 atque

88 3551 120 3606 in
145 3549 226 3606 omni
242 3550 401 3616 saerillcio;
428 3549 474 3605 cui
490 3550 638 3616 offeratur,
659 3566 676 3604 a
691 3565 749 3620 quo
764 3547 914 3614 offeratur,
969 3553 1094 3602 narrata.
1111 3546 1166 3602 Νρρ
1181 3545 1229 3602 isti
1242 3546 1408 3619 philosophi
1423 3551 1535 3605 ueteris
1546 3549 1680 3605 meliores
1694 3550 1724 3606 iu
1735 3547 1795 3606 illis

87 3640 160 3712 quid
172 3639 320 3709 olierutur,
331 3654 381 3710 pro
395 3638 503 3709 quihus
513 3639 666 3704 otleratur;
678 3637 754 3693 idem
765 3637 828 3709 ipse
838 3652 916 3693 unus
970 3635 1096 3691 summis
1111 3635 1285 3706 aternisque
1300 3637 1463 3694 rationibus
1476 3637 1624 3693 intellectu
1641 3637 1710 3693 talia
1725 3653 1796 3694 cou-

87 3744 234 3800 verusque
254 3728 403 3794 Mediator,
422 3744 473 3799 per
495 3724 671 3782 sacrillcium
691 3725 770 3797 pacis
786 3722 916 3781 reconci·
969 3725 1100 3796 templati
1117 3727 1205 3780 suut:
1226 3722 1354 3796 alioquin
1371 3740 1429 3779 non
1445 3725 1577 3794 ejusdem
1593 3726 1707 3797 generis
1721 3741 1794 3797 prte-

87 3817 166 3873 lians
181 3833 234 3873 nos
252 3818 319 3882 lleo,
335 3832 427 3872 unum
447 3832 514 3871 cum
532 3814 580 3870 illo
601 3819 733 3870 maneret
752 3815 798 3870 cui
813 3814 915 3870 otiere-
968 3816 1056 3869 teriia
1070 3830 1134 3884 quae
1147 3818 1304 3884 potuerunt
1315 3811 1446 3869 historici
1458 3814 1467 3849 ¹
1478 3812 1670 3886 inquirerent,
1682 3814 1731 3869 sed
1744 3829 1797 3886 po·
1915 3860 1934 3875 ,,

88 3906 150 3974 hat,
167 3923 257 3961 unum
276 3905 305 3960 in
323 3921 355 3960 se
367 3908 475 3961 laceret
490 3921 541 3976 pro
557 3903 823 3976 qulbusolierehat,
839 3918 917 3959 uuus
969 3903 1029 3958 tius
1044 3906 1071 3958 et
1092 3903 1189 3956 lutura
1215 3907 1442 3973 prenoscerent;
1458 3903 1534 3973 quod
1560 3903 1609 3973 qui
1626 3905 1796 3975 potuerunt,
1907 3922 1926 3965 ¹:

88 3994 155 4067 ipse
170 3999 246 4049 esset
261 3994 311 4065 qui
328 3993 477 4061 olierehat,
493 3998 521 4049 et
536 3993 612 4065 quod
629 3992 777 4049 offerebat.
970 3991 1006 4045 ah
1021 3989 1064 4046 eis
1079 3995 1170 4056 vates,
1186 4005 1203 4044 a
1218 3988 1326 4045 nostris
1341 3988 1492 4060 Prophetae
1507 3988 1643 4059 appellati
1659 3995 1738 4048 suut.
1898 4046 1901 4053 ,
1923 3988 1927 3999 ’

126 4083 238 4139 CAPUT
260 4082 318 4140 XV.
342 4114 376 4124 -
390 4084 436 4138 20.
461 4082 577 4154 Superbi
598 4086 727 4155 preeuntes
749 4097 778 4137 ae
805 4082 916 4152 propriu
1006 4078 1120 4136 CAPUT
1135 4077 1219 4133 XVll.
1235 4108 1269 4118 -
1283 4079 1328 4133 22.
1343 4079 1452 4134 Futura
1466 4083 1534 4150 quot
1548 4078 1635 4134 modia
1647 4081 1796 4151 praesciun-

88 4176 274 4245 ririuleposse
288 4173 405 4243 perpuri
416 4171 451 4227 ud
464 4171 613 4228 uidendum
623 4172 717 4226 ileum.
730 4171 804 4226 Sunt
818 4174 916 4226 autem
972 4174 1027 4226 lur.
1045 4168 1207 4238 Philosophi
1216 4183 1267 4221 nee
1277 4168 1322 4222 illi
1335 4169 1382 4237 qui
1391 4169 1463 4223 inter
1472 4169 1596 4238 antiquos
1605 4167 1799 4224 excelluerunt

88 4261 462 4335 quidamquiseputautad
474 4259 731 4332 contemplandum
742 4259 919 4315 Deumetlu·
971 4259 1132 4315 consulendi
1148 4264 1212 4311 sunt
1230 4257 1264 4310 de
1278 4256 1477 4312 resurrectione
1495 4264 1677 4313 mortuorum.
1700 4256 1797 4322 Ouau-

88 4352 261 4408 hareudum
274 4350 332 4407 Deo
348 4351 455 4406 virtute
467 4351 584 4422 propria
596 4366 681 4421 posse
696 4345 812 4421 purgari
824 4365 830 4403 :
843 4363 918 4421 quos
971 4363 1060 4419 quam
1076 4349 1104 4402 et
1120 4345 1327 4417 Prophetarum
1344 4361 1448 4400 nomen
1460 4361 1517 4400 non
1533 4344 1653 4401 omniuo
1668 4344 1798 4402 alienum

88 4441 155 4513 ipsa
166 4440 305 4512 superbis
316 4441 441 4496 maxime
456 4440 592 4494 uinculat.
602 4437 720 4495 Nullum
731 4437 919 4494 euimvitium
972 4443 1016 4492 est
1031 4451 1047 4489 a
1063 4432 1167 4489 litteris
1182 4448 1299 4488 eorum:
1316 4434 1365 4487 sed
1378 4431 1537 4503 plurimum
1552 4433 1686 4500 interest,
1698 4440 1798 4492 utrum

90 4535 136 4587 est
146 4529 192 4585 cui
207 4528 302 4599 uragis
319 4527 416 4583 diviua
427 4526 490 4600 lege
505 4528 668 4594 resistatur,
681 4532 710 4581 et
720 4525 749 4582 in
761 4528 836 4598 quod
854 4543 918 4582 ma·
972 4524 1169 4596 experimento
1182 4520 1394 4592 praeteritorum
1404 4521 1502 4576 lutura
1511 4521 1714 4592 conjiciantur;
1723 4522 1802 4580 siout
1911 4500 1929 4589 'J'

85 4617 289 4692 ,ῇρρρρρίρίρῑ8
300 4616 470 4673 dominandi
476 4615 917 4688 juslllesuperbissimussplri·
973 4611 1078 4668 medici
1094 4607 1187 4664 multa
1202 4608 1395 4680 praevidendo,
1417 4609 1506 4665 etiam
1522 4608 1628 4667 litteris
1643 4611 1800 4669 mundave-
1911 4656 1928 4675 ,-

90 4714 152 4778 tus,
169 4707 204 4762 sd
221 4709 281 4760 lma
295 4705 448 4771 mediator,
465 4706 501 4760 ad
517 4720 635 4760 summa
649 4702 839 4759 interclusor:
863 4701 920 4760 nisi
973 4707 1052 4766 runt,
1080 4715 1142 4770 qua
1164 4696 1220 4769 ipsi
1235 4703 1353 4769 experta
1372 4703 1556 4768 notaverunt;
1581 4699 1658 4755 siout
1672 4699 1799 4773 denique
1903 4764 1906 4773 Ι

90 4793 766 4864 occulteinsidiausaliaviadevitetur3autper
777 4791 918 4864 populum
972 4787 1106 4862 agricola
1122 4784 1165 4841 vel
1183 4786 1270 4841 etiam
1287 4790 1382 4841 naula
1398 4785 1491 4843 mulla
1506 4789 1703 4859 prenuntiant
1718 4787 1799 4861 (talla

91 4885 287 4947 deiicientem.
300 4884 376 4955 quod
391 4884 598 4955 interpretatur
612 4881 854 4954 Amalec-aperte
864 4899 918 4937 sa·
972 4878 1050 4934 enim
1066 4875 1090 4932 si
1105 4891 1140 4931 ex
1153 4873 1249 4946 longis
1264 4872 1425 4930 intervallis
1441 4881 1606 4948 temporum
1623 4877 1705 4942 fiant,
1721 4875 1798 4931 divi·

90 4974 185 5043 viens,
196 4982 226 5029 et
236 4973 271 5028 sd
288 4978 393 5028 terram
406 4971 609 5044 promissionis
624 4971 814 5044 repugnando
827 4976 921 5028 trans·
972 4967 1106 5023 nationes
1114 4968 1314 5037 putenturlzan
1323 4978 1390 5019 vero
1392 4966 1454 5035 jam
1462 4971 1584 5021 veuturs
1592 4964 1798 5036 processerint,
1880 4984 1883 4991 ·

91 5065 166 5120 itum
183 5078 305 5135 negans,
320 5078 370 5134 per
384 5077 499 5117 crucem
515 5059 629 5116 Domini
646 5077 709 5133 ques
723 5060 812 5129 llloysi
826 5058 919 5116 mani·
972 5061 1001 5114 et
1016 5057 1100 5127 longe
1114 5053 1177 5109 visa
1187 5050 1332 5107 venientia
1342 5051 1596 5124 nuntientur²pro
1611 5056 1696 5108 acuto
1708 5067 1799 5109 musa

91 5152 149 5208 hus
163 5149 291 5207 extensis
307 5155 351 5206 est
362 5150 556 5222 praetigurata,
572 5148 833 5221 superemmens.
849 5166 917 5218 xvn,
972 5144 1144 5208 videntium,
1162 5141 1239 5214 quod
1255 5156 1323 5196 oum
1339 5140 1449 5197 iaciunt
1463 5157 1554 5196 aerea
1569 5145 1711 5212 potestate
1725 5138 1799 5196 divi-

89 5238 181 5312 ete).
199 5238 272 5295 liinu
286 5240 364 5295 euim
380 5238 582 5311 purgationem
599 5237 654 5294 sihi
670 5238 718 5293 isti
735 5238 842 5294 virtute
856 5254 920 5312 pro-
972 5249 1042 5292 nare
1057 5232 1235 5298 creduntur;
1261 5233 1401 5299 tanquam
1417 5229 1441 5283 ei
1457 5231 1615 5301 quisquam
1639 5227 1801 5288 dementis

90 5328 157 5404 pria
172 5326 357 5402 pollicentur,
383 5327 453 5399 quia
478 5326 611 5384 nonnulli
633 5343 734 5383 eorum
761 5332 920 5401 potuerunt
973 5322 1078 5380 vortice
1093 5316 1319 5418 aliquemlouge
1333 5315 1655 5387 videatveuientem,et
1668 5317 1800 5391 proxime
1909 5368 1918 5379 .

128 5545 136 5578 ¹
151 5542 230 5601 Editi,
245 5541 317 5592 etde
329 5540 422 5591 ritihus
435 5540 619 5606 sacrificiorum
634 5555 748 5591 sucrum.
1005 5543 1014 5578 ¹
1029 5537 1108 5596 Editl,
1122 5535 1249 5585 historice.
1264 5531 1359 5582 Melius
1373 5531 1443 5590 lisa,
1460 5530 1584 5584 historici.

124 5606 180 5655 ¹ln
193 5605 266 5664 llos..
282 5606 328 5654 out
341 5604 364 5654 ei
377 5605 465 5655 etium.
1004 5605 1016 5640 ²
1030 5603 1089 5652 sote
1104 5602 1158 5649 tere
1173 5596 1254 5647 editio
1269 5595 1342 5646 hor..
1356 5597 1545 5658 precesserint,
1560 5599 1585 5648 et
1599 5595 1674 5664 lonpe
1686 5596 1741 5650 uun
1753 5608 1798 5659 re,
1880 5604 1883 5611 '

126 5668 182 5720 ⁸lu
194 5668 282 5729 sdltis,
296 5667 381 5732 mepte
393 5667 512 5734 occipiat.
907 5716 910 5720 ,
973 5665 1072 5719 nientic
1085 5661 1212 5712 nuntient.
1227 5657 1315 5708 hlinue
1328 5658 1407 5709 heus.
