3908 6128
119 279 180 343 555
424 276 477 337 uti
498 275 660 338 NATURA
683 273 775 336 BUNl
798 274 956 336 CONTRA
977 273 1229 346 MANICHAEOS,
1253 274 1286 335 S.
1309 272 1523 337 AUGUSTlNl
1768 275 1833 336 tte

116 414 195 469 unde
210 410 292 466 iacta
308 411 388 466 eunt.
406 407 554 479 sacrilege
565 406 644 463 enim
656 407 780 463 audacie
793 423 948 479 coequan-
1001 407 1078 480 quod
1094 423 1195 464 verum
1210 415 1253 462 est
1268 405 1409 472 confiteri,
1421 405 1636 478 interrogentur
1652 409 1751 462 utrum
1763 422 1831 463 ocr-

114 503 165 559 tur
176 499 249 556 nihil
274 503 304 556 et
323 498 411 565 Deus,
428 498 454 554 si
467 496 552 567 quale
576 502 623 554 est
647 495 719 552 illud
745 496 823 569 quod
839 496 873 552 de
889 495 947 553 Deo
1000 513 1064 569 pori
1079 496 1171 553 simia
1188 496 1281 570 possit
1295 512 1398 553 nocere
1413 494 1570 568 corruptio.
1580 495 1660 560 Quod
1678 495 1703 552 si
1719 501 1831 569 potest,

114 591 216 645 natum
230 592 286 658 est,
300 586 359 644 tale
386 586 510 643 velimus
526 601 591 643 esse
604 584 678 641 illud
702 585 780 658 quod
796 586 832 641 ab
853 601 886 640 eo
910 586 947 642 de
1001 590 1034 642 ut
1048 586 1155 642 smdius
1166 585 1236 656 liet;
1252 586 1323 658 quid
1336 586 1453 655 minuit,
1465 585 1520 641 nisi
1536 583 1762 657 pulchritudinis
1775 587 1832 642 bo·

115 676 208 734 nihilo
221 677 332 733 iactum
347 679 403 733 est.
702 669 706 676 ’
1000 675 1096 731 num?
1121 674 1204 732 Unde
1219 674 1332 732 tamdiu
1356 674 1467 746 aliquid
1493 674 1666 740 remanebit,
1684 674 1829 747 quamdiu

151 766 266 824 CAPUT
280 765 326 823 Xl.
343 795 378 809 -
398 770 497 825 llocert
511 780 563 822 nec
588 766 641 822 lieo
653 767 751 837 potest,
766 780 816 823 nec
829 764 882 820 otii
895 781 946 821 nc·
1000 763 1129 836 corporis
1156 768 1262 821 natura
1287 763 1434 821 subsistit.
1461 763 1586 820 Proinde
1600 763 1626 820 si
1650 768 1830 836 consumpto

115 859 187 914 ture
201 858 259 913 uisi
281 857 339 927 ipso
360 857 548 925 permittente.
569 854 752 926 Quapropter
766 869 820 910 neo
834 857 946 910 natura
1001 852 1078 909 bonu
1093 857 1199 910 nature
1215 853 1408 919 consumitur,
1425 853 1501 909 bona
1512 869 1580 926 ergo
1593 857 1639 909 est
1654 859 1771 910 natura.
1783 853 1831 910 Sic

118 945 169 1004 Dei
182 944 279 1003 noceri
294 944 413 1003 omnino
424 942 688 1017 potest,necalioui
698 948 809 1000 nature
819 942 874 1000 suh
887 942 947 999 Deo
1000 946 1031 998 et
1045 942 1163 998 tardum
1186 941 1313 999 dicimus
1336 941 1425 999 veloci
1440 941 1620 999 contrarium
1635 959 1642 999 2
1658 944 1710 1000 sed
1729 947 1832 1000 tamen

121 1034 217 1092 noceri
227 1033 339 1105 injuste
349 1032 543 1108 potestzquia
558 1036 586 1088 et
600 1048 668 1089 cum
681 1032 829 1105 peccando
838 1031 949 1104 injuste
1002 1031 1053 1102 qui
1067 1048 1099 1089 se
1113 1031 1233 1088 omnino
1249 1048 1307 1088 non
1334 1035 1441 1102 movet,
1458 1032 1626 1088 nectardus
1649 1031 1707 1090 diui
1721 1035 1832 1106 potest.

119 1123 211 1196 ntiqui
226 1127 342 1189 nocent,
356 1121 492 1179 voluntas
507 1121 621 1194 injusta
635 1121 678 1179 sis
700 1121 881 1195 imputatur;
895 1137 947 1194 pc·
1001 1119 1048 1177 Sic
1062 1125 1153 1178 acula
1167 1120 1230 1178 voci
1245 1119 1422 1178 contrariam
1438 1137 1537 1178 vocem
1551 1120 1684 1191 ,dicimus
1699 1137 1834 1194 gravem,

48 1248 51 1253 ›
119 1216 212 1272 testas
227 1216 393 1285 cutemque
408 1227 512 1268 nocere
526 1200 747 1284 permittuntur,
759 1228 816 1268 non
832 1215 877 1268 est
890 1210 948 1268 nisi
1002 1209 1048 1267 vel
1063 1226 1177 1267 cenoria
1191 1227 1326 1283 asperam
1339 1228 1346 1267 z
1360 1211 1410 1267 sed
1427 1209 1452 1266 si
1478 1226 1595 1266 omnem
1611 1211 1738 1283 speciem
1754 1208 1837 1268 vocis

119 1300 219 1369 allec,
236 1300 286 1373 qui
301 1299 416 1373 stipsis
432 1299 631 1356 nescientibus
647 1300 727 1356 novit
741 1299 811 1371 quid
825 1297 868 1355 illi
887 1298 947 1372 pati
1002 1298 1121 1371 penitus
1146 1299 1272 1370 adimas,
1289 1298 1441 1355 silentium
1465 1303 1510 1355 eat
1524 1297 1574 1354 ubi
1587 1315 1641 1355 vox
1665 1298 1747 1356 nulla
1763 1304 1834 1356 est:

119 1389 255 1458 debeant,
272 1389 381 1462 quibus
396 1405 446 1446 eos
462 1404 565 1445 nocere
580 1387 733 1462 permittit.
1002 1387 1080 1460 quud
1096 1392 1194 1445 umen
1215 1388 1377 1455 silentium,
1394 1404 1426 1444 eo
1443 1388 1506 1460 ipso
1521 1388 1597 1459 quod
1613 1404 1667 1445 vox
1678 1387 1761 1445 nulla
1776 1392 1834 1456 est,

153 1478 269 1536 CAPUT
282 1478 340 1535 llll.
355 1508 392 1523 -
407 1479 510 1538 omitia
535 1479 608 1533 hoco
630 1478 746 1534 concisi
758 1495 777 1534 o
792 1482 857 1535 Dec.
882 1476 948 1534 Heu
1001 1477 1332 1550 tanquamcontrarium
1343 1476 1405 1532 voci
1421 1475 1676 1549 soletoppuni.Sio
1690 1480 1720 1533 et
1731 1476 1834 1534 lucida

20 1580 23 1585 ·
121 1567 946 1642 omniatamperspicua,tamcerta‚sivellentadvertere,
1002 1571 1030 1622 et
1045 1567 1170 1623 obscura
1181 1571 1321 1639 tanquam
1331 1566 1388 1622 duo
1399 1565 1545 1623 contraria
1555 1565 1834 1623 dicunturzhabent

122 1655 173 1730 qui
187 1655 275 1713 aliam
291 1660 426 1714 naturam
437 1655 690 1729 inducunt,quam
704 1672 762 1712 non
775 1655 946 1725 lecitDeus;
1003 1658 1101 1711 tamen
1117 1661 1146 1710 et
1167 1655 1293 1711 obscura
1307 1653 1416 1727 aliquid
1432 1653 1517 1723 lucis,
1534 1672 1590 1728 quo
1611 1656 1636 1712 si
1652 1655 1771 1727 penitus
1785 1672 1834 1713 ca·

122 1761 181 1803 nun
189 1745 280 1802 tantis
291 1744 482 1819 blasphemiis
490 1743 693 1818 implerentur,
710 1750 742 1801 nt
751 1752 780 1802 et
789 1745 818 1802 in
830 1761 948 1802 summo
1003 1748 1097 1812 reant,
1113 1743 1155 1800 ita
1178 1747 1248 1800 sunt
1270 1745 1395 1801 tenebre
1417 1743 1502 1815 lucis,
1521 1761 1578 1816 quc
1593 1745 1619 1801 ai
1644 1745 1762 1817 penitus
1782 1762 1832 1802 ca-

124 1834 202 1892 malo
211 1837 293 1892 tanta
304 1835 381 1892 hona
390 1838 541 1907 ponerent,
552 1837 580 1890 et
588 1833 618 1890 in
628 1834 686 1891 Deo
697 1838 778 1891 tanta
788 1833 947 1891 malasci·
1004 1844 1095 1903 reant,
1109 1834 1150 1890 ita
1164 1838 1234 1891 sunt
1254 1834 1379 1891 tenebrae
1403 1832 1477 1890 lucis
1492 1834 1634 1904 absentia,
1650 1834 1726 1891 sicut
1740 1834 1832 1892 silen-

123 1923 186 1981 floit
198 1923 287 1992 enim,
305 1929 337 1980 ut
360 1922 535 1998 supradixi,
552 1923 588 1979 ad
611 1939 712 1980 eorum
728 1925 948 1997 correctionem,
1003 1922 1078 1984 tium
1093 1923 1172 1980 vocis
1187 1923 1330 1980 absentie.

124 2013 151 2072 si
164 2012 256 2071 velint
272 2013 432 2082 attendere,
443 2013 520 2086 quod
536 2028 585 2069 eos
599 2013 689 2070 etiam
699 2013 807 2071 invitos
817 2015 948 2088 cogitve·
1038 2011 1156 2069 CAPUT
1165 2011 1235 2068 tvi.
1245 2043 1280 2054 -
1289 2012 1465 2070 Pricutioues
1478 2013 1510 2069 tn
1522 2016 1603 2071 rebus
1615 2012 1741 2071 &ceum
1750 2031 1768 2070 u
1777 2015 1833 2073 Dec

125 2101 197 2161 ritas
213 2102 355 2174 confiteri,
366 2101 466 2159 omnia
481 2117 601 2175 prorsus
616 2101 693 2159 bone
707 2118 766 2160 non
780 2119 845 2160 esse
860 2103 950 2161 nicia
1003 2101 1149 2158 ordinata.
1166 2103 1233 2168 Qua
1250 2106 1348 2159 umen
1372 2102 1462 2158 etiam
1477 2102 1654 2175 privationes
1674 2119 1773 2160 rernm
1789 2102 1833 2161 sio

116 2188 192 2251 'Deo
205 2192 268 2248 Non
279 2207 348 2266 ergo
363 2193 399 2249 ah
414 2190 472 2248 elic
487 2194 558 2248 sunt
574 2208 678 2264 magna
693 2193 777 2263 hona,
792 2199 819 2249 et
840 2193 878 2249 ab
893 2190 949 2250 alie
1004 2190 1216 2247 ordinanturin
1230 2189 1422 2247 universitate
1432 2196 1552 2262 natura,
1560 2196 1593 2247 ut
1604 2190 1753 2264 sapienter
1760 2208 1834 2248 oon-

124 2297 213 2356 parva
227 2281 304 2338 bone
319 2298 326 2338 ε
343 2281 394 2337 sed
408 2284 437 2338 et
451 2295 559 2353 magna
573 2285 602 2336 et
616 2297 705 2353 parve
719 2282 796 2338 bona
810 2297 869 2337 non
880 2285 950 2339 sunt
1003 2279 1201 2337 siderantibus
1213 2278 1445 2336 nonindeoenter
1452 2279 1527 2337 vices
1536 2278 1751 2337 suushabeant.
1759 2279 1835 2339 Nam

124 2368 182 2428 nisi
197 2387 214 2426 a
228 2386 345 2427 summo
360 2370 446 2439 huno,
463 2367 541 2443 qnod
554 2367 632 2426 Deus
644 2373 699 2426 est.
1003 2372 1032 2425 et
1045 2368 1124 2425 Deus
1139 2371 1218 2425 certa
1231 2367 1295 2425 loce
1310 2374 1339 2425 et
1350 2372 1483 2442 tempore
1498 2386 1558 2425 non
1572 2367 1778 2439 illuminando,
1790 2375 1834 2428 te·

159 2458 275 2517 CAPUT
283 2459 355 2515 Xllt.
366 2457 609 2529 -Bocueioputc
619 2475 668 2515 seu
678 2475 825 2531 percaeca
836 2474 949 2530 meque,
1003 2458 1109 2516 nebras
1125 2458 1194 2514 lecit
1210 2462 1270 2515 tam
1286 2458 1423 2515 decenter
1437 2475 1526 2530 quam
1543 2459 1615 2516 dies.
1631 2458 1662 2516 Si
1677 2460 1758 2516 enim
1774 2477 1830 2518 nos

121 2547 949 2623 meebeoCommemoremusergubonaquantapotue-
1003 2547 1179 2605 continendo
1204 2564 1315 2615 vocem,
1330 2547 1466 2604 decenter
1489 2547 1706 2621 interponimus
1733 2549 1763 2605 in
1788 2549 1833 2607 lo·

123 2635 229 2706 rimus,
239 2636 434 2710 quedignum
445 2641 491 2694 eat
501 2638 603 2695 utDeo
613 2637 724 2694 auctori
735 2637 950 2710 tribuamus,et
1004 2637 1120 2710 quenda
1135 2636 1285 2694 silentium
1299 2662 1306 2705 3
1329 2640 1438 2708 quanto
1453 2637 1549 2710 magis
1564 2635 1613 2692 ille
1632 2637 1833 2711 quarumdam

122 2724 170 2784 his
184 2724 310 2784 sublatis
320 2726 471 2783 videamus
482 2731 583 2785 utrum
595 2725 694 2799 aliqua
705 2730 811 2784 natura
822 2744 950 2784 remane·
1004 2743 1102 2782 rerum
1117 2724 1294 2799 privationes
1308 2726 1445 2781 decenter
1460 2725 1538 2797 lacit,
1555 2725 1633 2782 sicut
1652 2743 1750 2783 rerum
1768 2744 1833 2785 om·

122 2813 177 2872 bit.
191 2815 293 2873 omnis
307 2814 366 2872 vita
379 2819 408 2871 et
422 2831 530 2888 magna
545 2819 574 2873 et
594 2832 693 2889 parva,
709 2815 805 2873 omnis
820 2816 951 2888 potentia
1004 2815 1086 2872 nium
1101 2815 1247 2887 perlectus
1270 2813 1395 2871 artilex?
1421 2814 1501 2871 Unde
1516 2815 1588 2870 etin
1613 2815 1721 2888 hymno
1737 2816 1832 2875 trium

124 2908 154 2963 et
168 2920 276 2978 magna
285 2909 314 2961 et
333 2921 433 2977 parva,
446 2905 543 2961 omnia
557 2903 638 2961 aulus
654 2909 683 2962 et
693 2921 800 2979 magna
812 2910 841 2962 et
850 2922 949 2979 parva,
1005 2919 1173 2977 puerorum,
1204 2904 1292 2961 etiam
1316 2903 1367 2960 lux
1388 2908 1417 2960 et
1438 2905 1563 2961 tenebre
1585 2903 1707 2961 laudant
1735 2906 1832 2964 Deum

126 2993 224 3051 omnis
234 2993 376 3050 memoria
390 2995 542 3066 et'magna
553 2997 582 3050 et
592 3010 690 3066 parva,
705 2994 801 3051 omnis
816 2995 909 3052 virtus
922 2998 952 3052 et
1004 2993 1084 3067 (Dan.
1101 3010 1144 3061 111,
1159 2994 1224 3065 72);
1242 2993 1270 3049 id
1285 2997 1340 3064 est,
1353 2992 1544 3064 ejuslscdem
1561 2993 1835 3054 beneoonaideran·

127 3097 237 3154 magna
247 3086 276 3138 et
288 3082 488 3154 parva,omnis
497 3081 662 3139 intellectus
673 3088 701 3140 et
711 3099 837 3157 magnus
846 3088 875 3141 et
883 3102 950 3157 par·
1004 3082 1078 3140 tium
1093 3082 1231 3139 cordibus
1245 3083 1375 3154 pariunt.

126 3185 192 3242 vus,
209 3171 306 3228 omnis
320 3170 520 3243 tranquillitos
537 3177 566 3227 et
581 3176 731 3244 magnast
745 3172 952 3243 parva,omnis
1040 3170 1154 3228 CAPUT
1168 3170 1253 3227 XVll.
1270 3201 1304 3212 -
1327 3172 1432 3227 Nature
1456 3173 1486 3227 in
1507 3174 1642 3244 quantum
1657 3180 1761 3230 entare
1775 3174 1832 3245 test,

130 3259 215 3333 copia
233 3262 261 3317 et
272 3276 380 3334 magne
398 3264 427 3316 et
436 3276 533 3332 parva,
545 3259 641 3319 omnis
661 3277 766 3318 sensus
785 3266 951 3335 utmagnus
1003 3262 1083 3319 uultu
1097 3261 1182 3317 meto.
1198 3260 1261 3317 Non
1276 3276 1345 3334 ergo
1355 3259 1432 3316 mala
1446 3264 1502 3332 est,
1513 3261 1542 3317 in
1554 3260 1707 3333 quantiam
1724 3267 1835 3320 natura

128 3352 157 3405 et
170 3365 288 3422 pervus,
308 3366 395 3407 omne
412 3347 514 3406 lumen
539 3354 568 3406 et
592 3366 733 3424 magnum
761 3356 790 3408 et
816 3369 949 3426 parvum,
1004 3357 1059 3418 est,
1076 3349 1272 3418 alienatore,
1289 3350 1339 3407 sed
1351 3349 1457 3423 cuique
1468 3356 1579 3407 natura
1593 3367 1649 3408 non
1661 3356 1707 3408 est
1720 3352 1836 3409 malum

126 3438 223 3496 omnis
258 3439 419 3496 suavitus¹
452 3444 481 3496 et
512 3455 620 3512 magna
659 3444 689 3497 et
717 3457 816 3513 parve,
852 3443 962 3500 omnis·
1004 3440 1062 3498 nisi
1076 3440 1171 3497 minui
1185 3440 1273 3496 bono.
1289 3440 1369 3505 Quod
1385 3439 1410 3496 si
1429 3439 1587 3497 minuendo
1613 3441 1833 3512 absumeretur,

125 3544 265 3586 mensure
283 3533 312 3585 et
338 3532 494 3602 magnast
517 3545 615 3601 parva,
640 3528 737 3586 omnis
762 3530 950 3603 pulchritudo
1004 3528 1832 3603 sicutnullumbonum,itanullanaturarelinqueretur,

122 3621 153 3675 et
167 3621 313 3691 magnaet
323 3617 523 3691 parva,omnis
538 3633 594 3691 pax
604 3624 632 3674 et
643 3634 752 3692 magna
764 3623 792 3676 et
806 3637 905 3694 parva,
920 3626 950 3679 st
1004 3637 1062 3677 non
1076 3619 1172 3677 solum
1198 3618 1314 3692 qualem
1337 3617 1483 3675 inducunt
1506 3618 1667 3687 Manichci,
1684 3619 1735 3677 ubi
1750 3623 1834 3677 tanta

122 3704 148 3764 si
163 3723 223 3780 qua
237 3706 347 3764 similia
367 3723 519 3764 occurrere
534 3710 682 3780 poterunt,
699 3708 884 3784 maximeque
897 3709 949 3768 illa
1003 3711 1080 3767 bona
1104 3710 1304 3780 inveniuntur,
1321 3714 1353 3766 ut
1375 3709 1468 3767 nimia
1488 3726 1589 3767 eorum
1614 3709 1730 3768 cacitas
1755 3712 1834 3768 mire

122 3811 187 3869 que
201 3813 253 3869 per
276 3794 376 3853 omnia
401 3796 597 3869 reperiuntur,
617 3797 678 3853 sive
700 3798 865 3871 spiritualia
888 3800 948 3858 sive
1002 3800 1059 3870 sit;
1074 3799 1124 3857 sed
1139 3798 1257 3873 qualem
1273 3803 1368 3873 potest
1383 3798 1506 3872 quilibet
1521 3799 1668 3856 inducere.

122 3885 403 3958 corporalia,omnis
419 3885 884 3959 modus,omnisapeoies,omnis
900 3906 947 3947 or·
1036 3888 1153 3947 CAPUT
1167 3888 1314 3946 XVlll.-
1336 3888 1441 3963 Hylen,
1451 3905 1512 3962 quse
1527 3905 1620 3945 rerum
1633 3889 1763 3960 informia
1772 3907 1833 3947 mc·

122 3972 172 4043 du,
187 3977 216 4030 et
231 3979 395 4048 magnuset
409 3990 555 4044 parvus,a
570 3975 695 4032 Domino
710 3976 768 4034 Ueu
782 3984 863 4035 sunt.
875 3979 946 4046 Qui·
1001 3978 1629 4051 terrescuiquedmtaiurmocesemctcm.
1640 3977 1739 4051 Neque
1749 3979 1831 4037 enim

121 4060 178 4119 bus
193 4062 279 4121 bonis
301 4063 439 4120 omnibus
455 4062 505 4137 qui
532 4063 609 4121 male
626 4063 670 4120 nti
693 4065 825 4137 voluerit,
848 4067 946 4126 divino
1001 4067 1045 4125 vel
1061 4067 1112 4124 illa
1127 4068 1273 4136 materies,
1284 4084 1374 4140 quem
1385 4067 1498 4141 antiqui
1509 4066 1596 4142 hylen
1608 4067 1831 4133 dixeruntma·

116 4150 231 4223 judicio
244 4168 345 4225 poenas
359 4151 440 4209 luet:
458 4152 508 4209 uhi
523 4156 621 4210 eutem
632 4152 746 4212 nullum
761 4154 867 4213 horum
882 4174 945 4215 om·
1001 4155 1063 4214 lum
1079 4157 1201 4214 dicenda
1214 4160 1268 4212 est.
1287 4156 1349 4214 Non
1366 4173 1430 4213 eam
1447 4157 1523 4223 dico,
1542 4173 1630 4230 quam
1647 4155 1831 4215 Manichacus

120 4240 191 4299 nino
207 4241 304 4313 luerit,
320 4241 402 4299 nulla
416 4247 521 4299 natura
535 4243 707 4300 remanebit.
1000 4249 1087 4324 hylen
1095 4247 1220 4321 appellat
1230 4248 1453 4306 dementissima
1465 4249 1602 4321 vanitate,
1612 4249 1747 4306 nesciens
1757 4249 1830 4322 quid

154 4329 269 4388 CAPUT
282 4329 354 4386 XIV.
365 4360 400 4371 -
412 4331 503 4386 Percu
517 4329 587 4387 hone
602 4331 634 4387 in
649 4332 786 4404 meierum
801 4349 944 4406 comperu-
1001 4339 1149 4411 loquatur,
1175 4337 1370 4394 formatricem
1395 4355 1550 4413 corporum
1567 4354 1574 4395 :
1592 4339 1670 4394 unde
1686 4342 1764 4394 recte
1787 4336 1832 4395 illi

117 4419 946 4491 ttonecoctroriiscemicitueappelleremusedinhiaom·
1001 4426 1829 4500 dictumest,quodalterumdeuminducat:nemoenim

116 4506 205 4564 nibus
219 4523 412 4581 quacumque
429 4524 516 4581 parra
529 4512 610 4579 sunt,
621 4508 653 4565 in
668 4511 814 4582 majorum
826 4529 944 4588 comps·
999 4517 1125 4574 formare
1138 4521 1168 4572 et
1181 4532 1280 4573 creare
1294 4532 1417 4589 corpure
1430 4515 1488 4572 nisi
1503 4516 1580 4573 Deus
1594 4519 1708 4589 potest;
1733 4531 1832 4590 neque

117 4594 230 4653 ratione
245 4597 399 4654 contrariis
414 4596 585 4654 nominibus
600 4597 806 4672 appellantur:
823 4602 900 4660 sicut
913 4603 944 4661 in
998 4604 1078 4664 enim
1101 4609 1247 4676 creantur,
1263 4603 1321 4661 nisi
1346 4605 1471 4661 cumeis
1494 4605 1600 4661 modus
1619 4608 1649 4662 et
1672 4604 1787 4677 species
1802 4608 1833 4662 et

116 4684 246 4742 hominis
262 4685 355 4742 torma
369 4687 440 4760 quia
454 4686 548 4759 major
562 4690 607 4745 est
622 4687 820 4761 pulchritudo,
832 4691 860 4748 in
878 4693 942 4766 eJ'us
999 4696 1068 4753 urdo
1084 4694 1308 4767 consistitque
1324 4693 1485 4765 boneessa,
1497 4710 1549 4751 nec
1564 4710 1628 4751 esse
1642 4710 1729 4768 posse
1742 4693 1832 4751 nisis

117 4775 334 4846 comparatione
345 4775 439 4833 simias
449 4775 942 4850 pulchritudodetermitasdicitur:
998 4785 1145 4856 er,puto
1156 4783 1302 4855 quodiam
1314 4782 1466 4855 etiamipsi
1477 4781 1830 4853 confitentur.Sedhylen

116 4866 147 4921 et
163 4861 237 4921 tellit
251 4863 462 4937 imprudentes,
478 4869 620 4938 tanquam
636 4863 708 4923 illud
724 4868 764 4926 sit
777 4867 900 4939 honum,
916 4874 945 4928 et
998 4872 1063 4930 dieo
1077 4872 1236 4945 quemdam
1252 4870 1370 4944 penitus
1384 4871 1539 4929 intormem
1557 4877 1586 4929 et
1601 4873 1664 4928 sine
1684 4869 1831 4944 qualitate

116 4950 172 5011 huc
187 4952 297 5010 malum
307 4977 314 5024 ς
324 4953 541 5011 necintendunt
554 4954 814 5028 incorporesimiu
823 4959 943 5017 modum
998 4959 1160 5029 materiem,
1177 4960 1254 5015 unde
1268 4958 1330 5016 istie
1346 4977 1421 5034 quas
1435 4962 1579 5018 sentimus
1595 4959 1755 5033 qualitates
1769 4959 1830 5017 for·

115 5043 279 5116 proprium,
296 5043 472 5116 parilitatem
494 5059 529 5100 ex
546 5047 667 5116 utroque
683 5043 773 5103 latere
797 5049 944 5107 membro·
998 5053 1126 5120 mantur,
1151 5052 1185 5105 ut
1207 5047 1321 5122 antiqui
1345 5050 1491 5110 dixerunt.
1507 5051 1580 5107 Hinc
1596 5049 1675 5106 enim
1699 5052 1729 5106 et
1753 5049 1831 5107 silva

116 5131 388 5200 rum,concordiam
397 5132 755 5205 partium,incolumitatis
765 5138 943 5210 custodiam,
996 5154 1089 5214 grace
1099 5134 1153 5206 llic
1171 5137 1289 5206 dieitur,
1299 5139 1378 5212 quod
1389 5141 1579 5213 operantibus
1592 5138 1717 5212 eptaail,
1727 5155 1786 5194 non
1797 5140 1832 5195 nt

115 5224 144 5278 et
158 5227 347 5296 ceteraque
362 5222 498 5296 persequi
512 5222 632 5295 longum
650 5227 705 5281 est.
997 5228 1107 5301 aliquid
1118 5225 1183 5299 ipss
1196 5227 1346 5299 laoiat‚sed
1359 5227 1831 5302 undealiquidtiat.Necistaergo

151 5309 265 5370 CAPUT
280 5311 338 5369 XV.
349 5343 384 5354 —
398 5317 433 5370 ln
447 5313 535 5369 simiae
546 5328 661 5384 corpere
668 5314 888 5386 pulchritudiuis
898 5321 943 5378 be·
996 5317 1063 5393 hyle
1078 5316 1189 5373 malum
1204 5316 1330 5373 dicenda
1343 5324 1397 5386 est,
1410 5335 1474 5391 quas
1486 5335 1543 5375 nun
1560 5334 1612 5390 per
1623 5315 1756 5389 aliquam
1766 5334 1832 5391 ape-

114 5400 292 5470 cumiuerso,
310 5400 375 5458 ticet
387 5403 490 5458 ruinas.
504 5401 560 5459 Sed
578 5412 609 5459 ut
623 5403 700 5474 quod
714 5404 841 5465 dicimus
856 5408 940 5465 intel·
997 5406 1512 5479 ciemsentiri,sedperomnimodam
1518 5406 1625 5481 speciei
1634 5407 1831 5480 privationem

114 5482 233 5558 ligatur,
243 5492 272 5545 et
286 5489 411 5548 nimium
428 5491 521 5549 tardis
535 5492 608 5550 satis
623 5492 684 5562 liat,
694 5493 738 5551 vel
755 5496 843 5553 etiam
855 5500 943 5572 perti·
998 5496 1118 5570 cogitari
1133 5495 1181 5552 vix
1195 5500 1300 5562 potest.
1315 5496 1407 5554 Habet
1420 5498 1500 5555 enim
1514 5502 1543 5554 et
1554 5497 1619 5571 ipse
1632 5494 1830 5570 capacitatem

115 5588 204 5633 neces
219 5580 249 5632 et
265 5579 449 5651 apertissime
458 5580 573 5639 veritati
587 5587 785 5657 repugnantes
799 5593 945 5663 cogantur
997 5588 1175 5645 turmarum:
1192 5600 1260 5641 nam
1271 5585 1297 5642 si
1307 5600 1410 5659 capere
1421 5585 1592 5661 impositam
1602 5584 1640 5643 ab
1648 5583 1764 5643 artifice
1774 5586 1832 5643 ior·

149 5673 159 5716 ¹
173 5670 213 5728 tta
226 5673 289 5727 uc.
303 5677 337 5728 At
350 5677 379 5729 in
390 5678 479 5742 sciui,
492 5680 601 5731 santiae.
998 5691 1077 5734 mam
1085 5690 1143 5733 non
1150 5677 1316 5748 possetneo
1324 5674 1461 5736 mounes
1469 5674 1829 5752 repastinationem
