3886 6270
194 277 253 333 623

193 405 1017 478 pariattemperatisJernsalem;inNovoautem,nbifides

194 497 331 569 impetrat
341 495 522 561 charitatem,
534 512 593 566 qun
605 496 649 552 lex
658 499 751 569 possit
760 497 876 570 impleri
889 516 946 555 non
959 516 1018 556 me·

194 589 239 662 gis
254 588 357 644 timore
372 604 462 660 poenae
476 603 564 659 quam
579 587 734 644 delictione
745 590 894 661 justitiae¹,
912 589 1019 647 liberos

193 676 289 751 pariat
298 676 578 734 eternaierusalem
588 678 687 749 (Cutut.
696 679 832 748 sumt)
850 697 856 735 :
877 684 976 735 tamen
991 685 1019 736 et

193 768 253 827 illis
268 770 452 842 temporibus
463 769 582 826 luerunt
591 770 667 841 justi
682 769 861 842 spirituales,
871 787 944 844 qnos
960 788 1018 829 non

194 861 448 919 occidebatlittera
454 861 574 931 jubens,
586 861 636 916 sed
653 859 818 916 vivificabat
835 861 957 934 spiritus
969 863 1018 933 jn·

193 970 266 1010 vans
281 952 317 1025 (ΙΙ
334 952 395 1009 Cor.
407 969 450 1020 nr,
461 952 501 1024 6).
513 952 594 1008 Unde
605 955 633 1007 et
642 951 713 1008 tides
724 953 837 1008 venturi
848 953 954 1010 Christi
966 955 1018 1010 ha-

192 1044 415 1115 bitabatutiqne
430 1044 459 1100 in
475 1043 639 1116 Prophetis,
650 1047 806 1100 venturum
817 1046 1018 1116 praenuntian-

192 1135 274 1193 tibus
294 1136 461 1205 Christnm;
481 1141 510 1192 et
523 1152 601 1192 nunc
620 1139 690 1192 sunt
703 1134 854 1207 plurimini
875 1136 1016 1206 carnales,

192 1228 243 1301 qui
255 1226 300 1284 vel
316 1228 562 1285 haresesiscinnt
576 1225 831 1300 nonintelligendo
840 1228 1017 1300 Scripturas,

191 1319 237 1376 vel
251 1319 282 1375 in
297 1318 363 1393 ipss
376 1318 526 1375 Catholica
546 1323 598 1376 aut
617 1318 712 1376 adhuc
727 1317 841 1391 parvuli
866 1318 940 1375 lacta
967 1335 1019 1375 nn·

192 1409 332 1477 triuntur,
349 1412 399 1465 aut
426 1413 567 1482 tanquam
593 1407 675 1480 palea
700 1425 888 1480 perseverans
911 1409 1018 1465 suturis

193 1497 312 1571 ignibus
328 1501 537 1570 preparantur.
563 1495 646 1552 Sicut
669 1501 766 1552 autem
788 1501 864 1552 Deus
888 1514 966 1554 unus
990 1500 1019 1553 et

194 1602 281 1643 uerus
296 1590 407 1643 creator
422 1587 566 1642 honorum
580 1590 624 1642 est
633 1590 661 1641 et
676 1585 881 1659 temporalium
896 1591 1017 1643 stater·

196 1694 311 1745 norum,
327 1677 368 1734 ita
382 1677 459 1734 idem
478 1679 540 1750 ipse
562 1681 663 1733 auctor
681 1681 726 1733 est
740 1678 894 1733 amborum
916 1678 1017 1733 Testa·

196 1778 379 1841 mentorum
396 1771 467 1844 quia
480 1776 508 1828 et
522 1771 634 1827 Novum
649 1771 680 1825 in
690 1771 788 1828 Vetere
796 1777 841 1827 est
849 1771 1018 1844 figuratum,

193 1859 326 1918 etvetus
342 1862 371 1916 in
385 1864 464 1918 Novo
479 1863 524 1917 est
537 1858 707 1916 revelatum.

230 1946 561 2019 36dgnoscendiautem
571 1945 1020 2019 misericorsmansuetudo,pro·

195 2039 260 2108 pter
285 2052 374 2108 quam
397 2037 508 2092 dictum
534 2041 649 2102 estnon
670 2036 764 2093 solum
785 2037 903 2108 septies,
916 2053 1018 2093 verum

194 2126 284 2183 etiam
296 2127 577 2201 septuagiessepties
589 2128 669 2183 fratri
687 2128 860 2184 remittenda
874 2143 939 2185 esse
953 2143 1019 2200 pec-

194 2221 269 2287 cata,
285 2233 343 2272 non
359 2215 538 2273 adhocvalet
553 2216 632 2273 utait
646 2216 789 2289 iniquitas
800 2217 956 2290 impunita,
969 2220 1019 2272 aut

194 2307 314 2378 torpens
328 2309 356 2361 et
381 2305 531 2362 dormiens
545 2304 710 2378 disciplina,
727 2306 804 2377 quod
821 2305 917 2378 potius
942 2305 1021 2362 obsit

195 2410 284 2466 quam
300 2394 425 2466 diligens
439 2393 624 2466 vigilansque
643 2393 779 2450 vindicta.
795 2393 896 2450 Claves
912 2394 1020 2468 quippe

195 2483 278 2555 regni
292 2481 432 2539 coelorum
448 2482 490 2538 sic
505 2482 585 2538 dedit
599 2482 732 2539 Christus
754 2481 898 2549 Ecclesia,
915 2487 1019 2539 utnon

197 2570 293 2627 solum
322 2572 442 2639 diceret,
459 2571 526 2640 Quae
538 2572 675 2628 solveritis
689 2588 772 2644 super
794 2574 913 2641 terram,
938 2578 1020 2628 erum

196 2661 289 2718 solutu
303 2664 330 2717 et
343 2662 373 2716 in
387 2661 477 2723 cetis:
492 2660 541 2716 ubi
558 2661 743 2733 apertissime
754 2662 875 2729 bonum,
886 2677 943 2718 non
958 2677 1020 2716 ma·

197 2747 260 2806 lum
275 2767 327 2822 pro
337 2749 415 2807 malo
430 2749 525 2806 reddit
539 2748 683 2806 Ecclessia
694 2767 701 2805 :
712 2766 814 2806 verum
831 2753 860 2805 et
879 2750 1020 2823 adjunge·

198 2843 251 2905 ret,
265 2839 329 2907 Quae
341 2839 497 2912 liquueritis
507 2841 539 2895 in
548 2847 635 2907 terro,
650 2841 730 2895 eruut
749 2838 838 2908 tipum
851 2842 877 2895 et
891 2840 922 2894 iu
936 2841 1020 2908 urloq

198 2930 269 3003 quia
282 2931 360 2987 bona
374 2929 621 2987 estetvindicandi
629 2929 838 3002 justitia.lllud
850 2930 929 2986 enim
941 2929 1019 3002 quod

197 3019 248 3090 ait,
264 3019 520 3075 sessonensium
534 3019 664 3088 audierit,
684 3019 786 3075 stilibi
805 3027 942 3091 tunquam
966 3017 1020 3075 etb-

196 3110 312 3165 m'euset
325 3108 507 3177 publicanus:
522 3107 638 3180 gravius
651 3112 696 3164 est
711 3124 800 3180 quam
816 3109 840 3163 si
856 3108 953 3181 gladio
977 3107 1018 3164 sc-

194 3196 311 3265 riretur,
327 3196 352 3254 si
369 3197 497 3253 flammis
512 3199 726 3258 absumeretur.
741 3197 766 3252 si
789 3197 857 3253 leris
884 3197 1016 3271 subrige·

193 3290 302 3344 retur¹.
320 3287 393 3343 Nam
408 3287 448 3342 ibi
464 3303 580 3359 quoque
595 3287 759 3359 subjunxit,
770 3287 855 3343 Amen
865 3287 1016 3356 diceretis,

192 3394 255 3451 que‘
268 3380 422 3452 tiquveritis
435 3394 517 3451 super
531 3388 642 3446 terrum,
659 3382 739 3436 eruut
755 3379 840 3451 ttqotu
859 3382 885 3435 et
899 3381 928 3433 iu
942 3378 1016 3434 cetu

191 3471 295 3544 (taut.
311 3472 492 3544 innati-22)
507 3477 557 3529 :ut
567 3470 790 3543 intelligeretur,
801 3471 1013 3544 quamgrsvius

188 3559 228 3617 sit
242 3562 373 3634 punitus,
387 3561 438 3634 qui
454 3561 532 3617 velut
546 3561 664 3617 relictus
687 3564 733 3616 est
755 3559 931 3633 impunitus.
960 3559 1013 3616 Hie

189 3650 268 3707 dicat
282 3652 348 3717 iste,
359 3651 384 3707 si
401 3649 506 3723 placet,
521 3650 631 3707 Siccine
644 3649 782 3705 mandata
794 3649 953 3706 salvatoris
967 3666 1012 3707 ac-

188 3741 319 3813 cepimus
326 3740 584 3811 jubentis,Nemiui
594 3739 768 3796 reddideritis
778 3739 882 3796 mutum
893 3756 1011 3812 promu-

187 3828 280 3891 tossed
288 3831 314 3884 si
322 3831 384 3903 quis
397 3845 443 3886 voe
454 3830 621 3900 percusserit
633 3845 662 3884 m
679 3844 762 3885 uuum
773 3828 931 3894 mueitlum,
937 3845 1008 3900 prae-

186 3917 243 3974 bete
257 3928 283 3975 et
298 3919 414 3975 alterum
424 3936 435 3981 ,·
449 3919 903 3990 et,llimiltiteinjurtualrutrtbus
913 3921 1008 3976 vestrm

184 4004 542 4077 (td.v‚39-ll,erxv111,35)r
556 4011 626 4063 Ecce
642 4008 678 4062 ab
694 4007 853 4063 homnibus
868 4025 925 4064 non
942 4008 1006 4065 red·

182 4093 320 4151 dentibus
334 4093 443 4151 malurn
460 4112 512 4168 pro
523 4095 611 4163 malo,
627 4095 764 4167 alligatur
776 4095 864 4153 homo
875 4097 1006 4155 amarius

181 4188 211 4239 et
224 4183 370 4242 infelicius
394 4184 528 4242 Ecclesie
548 4184 688 4248 clavibus,
712 4202 800 4258 qnam
823 4185 1004 4258 quibuslibet

179 4273 363 4346 gravissimis
373 4273 736 4331 etdurissimisterrsisvel
747 4274 945 4333 adamantinis
954 4294 1003 4334 ne·

179 4363 276 4420 sibus.
288 4365 382 4435 Absit,
395 4365 501 4436 inquit,
512 4368 544 4419 ut
558 4362 613 4418 hoc
629 4362 735 4430 dicam,
751 4365 890 4433 quoniam
908 4366 1002 4422 chris·

179 4451 278 4510 tianus
294 4471 371 4510 snm.
384 4454 442 4509 Hoc
453 4453 478 4510 si
492 4469 558 4509 vere
566 4457 654 4523 esset,
664 4451 914 4510 necilladixisset.
924 4456 1001 4520 Quo·

179 4542 258 4598 niam
273 4542 351 4599 Dens
372 4542 582 4615 Prophetarum
598 4558 725 4614 quorum
749 4543 857 4615 scripta
875 4541 999 4615 blaphe-

178 4636 250 4701 mat,
272 4633 335 4705 ipse
357 4637 402 4690 est
422 4632 500 4689 Dens
522 4630 728 4705 Apostolorum
750 4648 875 4705 quornm
890 4632 999 4705 scripta

176 4718 381 4794 blasphemare
396 4721 543 4777 formidat.

209 4808 995 4882 CAPUTXVlll.-dt.Seddauidinqnitlleumropuuie,

171 4903 198 4958 el
211 4916 267 4958 nou
278 4901 486 4974 catacumbas,
497 4903 556 4957 nisi
565 4901 655 4958 obtuto
665 4903 815 4973 sacrificio,
831 4911 861 4958 ut
872 4903 995 4959 homini·

171 4987 221 5046 bus
234 4992 283 5063 qui
296 5006 352 5047 nou
360 4994 547 5063 peccauerunt,
556 4995 720 5064 parceretur
732 4991 768 5060 (ll
779 4992 845 5064 lleq.
857 4992 932 5065 xxiv)
946 5010 953 5052 :
968 5001 997 5050 et

169 5079 296 5137 ideonum
309 5083 348 5137 est
357 5081 504 5138 credendus
514 5081 583 5137 Deus
594 5096 684 5148 verus,
696 5080 745 5152 qui
753 5080 896 5151 sucmficits
906 5081 992 5138 delce-

169 5172 255 5227 tutur.
272 5174 339 5227 tam
361 5171 397 5227 de
416 5186 502 5242 poena
521 5168 683 5226 occisorum
703 5168 869 5235 hominum,
885 5169 992 5243 quibus

168 5259 344 5333 quandoque
357 5257 507 5316 morituris
522 5275 602 5314 mors
615 5257 667 5313 illa
682 5258 990 5327 nonohluit‚eteorum

166 5346 475 5406 tamsnmortibuscor
486 5347 638 5419 regissese
656 5347 991 5407 extollentismeritoua·

166 5431 289 5503 pulavit,
306 5437 441 5510 superius
453 5435 670 5508 respondimus.
686 5435 726 5492 De
737 5436 880 5492 saerillcio
891 5444 988 5495 autem

166 5518 313 5579 raldeiste
323 5526 491 5601 nihilsapit:
500 5530 529 5584 et
539 5526 604 5583 idco
618 5524 738 5597 fallitur,
749 5525 885 5598 quiajam
899 5542 964 5583 sacr

165 5608 314 5667 ilciatnlia
333 5631 390 5672 non
409 5617 493 5674 ollort
512 5616 561 5674 Dei
578 5614 987 5690 populusDeo,posteaquam

196 5710 205 5744 ¹
221 5708 288 5760 Pieri
309 5723 342 5760 na
356 5713 733 5780 ltsa.,detecmtu'ouejustitiae.

194 5770 297 5839 'inqu
327 5772 419 5827 nudum
432 5776 504 5839 Has,
518 5776 695 5842 moriantur.

395 274 548 334 CONTRA
572 275 860 338 novensauffltl
883 278 995 338 Lsols
1019 277 1068 338 ΕΤ
1092 280 1403 355 rttoptlsl‘leutt,
1427 286 1459 344 S.
1484 284 1699 348 AUGUSTINI

1843 289 1903 350 624

1072 411 1152 466 venit
1163 412 1283 469 unicum
1296 415 1482 484 sacrificium,
1495 417 1581 487 cujus
1594 419 1704 474 umbras
1718 419 1840 476 luerunt
1856 420 1907 478 illa

1073 501 1175 557 omnin
1191 519 1248 558 non
1264 503 1318 559 hoc
1329 505 1538 578 improbantis,
1553 507 1604 562 sed
1626 507 1681 564 hoc
1695 509 1906 581 significantia.

1076 589 1242 646 Sicntenim
1255 609 1300 648 res
1312 594 1683 652 unamultislocntionibus
1696 604 1725 653 et
1735 597 1841 655 multis
1854 598 1909 655 lin·

1075 679 1140 750 guis
1150 679 1308 751 significari
1321 688 1435 754 potest;
1449 684 1491 740 sie
1500 702 1590 741 unum
1601 703 1703 742 verum
1715 692 1744 742 et
1758 686 1910 761 singulare

1075 766 1254 825 sacrificium
1272 771 1376 828 multis
1396 778 1441 828 est
1456 778 1542 829 antea
1563 773 1777 832 sacrificiorum
1796 777 1909 850 signiti-

1074 860 1173 912 catum
1183 858 1588 935 ligurisbequibussingulis
1599 863 1805 937 hicdisputare
1816 883 1905 939 quam

1076 943 1248 1019 sitlongnm,
1262 949 1376 1007 videtis.
1391 950 1486 1007 Unum
1504 957 1602 1010 tamen
1615 954 1710 1010 sciant
1720 954 1908 1028 insipientes,

1074 1034 1908 1116 tardiadintelligendum,etprecipitesadreprebenden-

1074 1121 1155 1192 dum,
1172 1126 1909 1205 quoddaemonsibisaeridciumnonexiqeret,nisi

1076 1212 1131 1267 Deo
1143 1229 1208 1269 vero
1219 1213 1317 1271 deberi
1329 1215 1427 1272 sciret.
1439 1216 1542 1274 Falsus
1558 1218 1637 1275 enim
1650 1219 1729 1277 Dens
1739 1222 1782 1278 sic
1802 1237 1834 1279 se
1844 1222 1909 1280 vult

1073 1299 1210 1358 honorari
1226 1305 1262 1359 ab
1280 1305 1322 1362 eis
1334 1323 1407 1379 quos
1426 1306 1542 1379 decipit,
1557 1310 1702 1380 quomodo
1720 1326 1810 1368 verus
1827 1312 1908 1370 Deus

1074 1390 1165 1447 abeis
1186 1393 1294 1465 quibus
1316 1394 1635 1454 consulitzetmaxime
1660 1399 1841 1457 sacrificinm
1864 1406 1909 1458 est

1073 1480 1148 1550 quod
1165 1481 1310 1554 precipue
1334 1484 1458 1540 debetur
1472 1490 1538 1541 Deo.
1555 1491 1628 1542 Nam
1644 1489 1788 1561 obsequia
1801 1494 1910 1548 catera

1073 1570 1483 1642 quasdivinitatiexhibentur,
1498 1576 1909 1653 ausisuntsibietiamsnper-

1073 1655 1125 1713 bia
1136 1658 1212 1714 lastn
1229 1659 1362 1718 homines
1377 1680 1523 1737 arrogare.
1536 1665 1687 1723 Rarissimi
1709 1671 1808 1725 autem
1823 1684 1908 1725 com·

1073 1753 1280 1820 memorantur,
1297 1751 1347 1823 qui
1364 1752 1419 1808 sihi
1438 1758 1473 1808 ut
1493 1754 1719 1826 sacrificaretur,
1736 1772 1806 1813 cum
1826 1758 1909 1832 regia

1074 1840 1216 1907 potestate
1231 1846 1360 1911 possent,
1380 1841 1445 1898 ausi
1460 1842 1570 1899 suerint
1589 1843 1747 1917 imperare.
1764 1846 1907 1913 Quicum·

1073 1928 1905 2003 quettamenausisunt,perhocsedeoshaherivolncrnnt.

1072 2014 1227 2072 sacrificiis
1239 2021 1335 2072 autem
1357 2018 1449 2075 Deum
1462 2036 1519 2076 non
1531 2037 1626 2093 egere,
1637 2023 1705 2095 quis
1715 2023 1838 2081 nescit?
1849 2020 1905 2083 sed

1073 2119 1127 2160 nec
1138 2103 1275 2162 laudibus
1291 2107 1399 2163 nostris
1419 2112 1492 2181 eget.
1509 2109 1616 2166 Verum
1632 2112 1709 2169 sicut
1729 2112 1828 2186 nobis,
1847 2130 1905 2173 nun

1073 2191 1126 2260 illi,
1144 2194 1213 2250 utile
1227 2200 1271 2251 est
1281 2195 1402 2253 laudare
1412 2197 1515 2267 Deum;
1532 2199 1575 2255 sic
1586 2200 1681 2272 nobis,
1696 2217 1754 2258 non
1767 2202 1823 2272 illi,
1836 2203 1907 2262 utile

1073 2282 1226 2339 estotierre
1237 2284 1412 2341 sacrificium
1421 2287 1635 2351 Daemonium
1647 2289 1792 2363 singulari
1801 2296 1834 2348 et
1843 2291 1907 2351 solo

1073 2374 1153 2427 vero¹
1161 2373 1305 2429 sacrificio
1319 2375 1465 2446 pronubis
1477 2376 1583 2433 Christi
1595 2379 1905 2451 sanguisctiususest:

1073 2459 1138 2516 ideo
1147 2461 1250 2533 primis
1260 2463 1441 2535 temporibus
1451 2465 1485 2520 ad
1495 2465 1548 2522 hoc
1559 2466 1735 2525 sacrificinm
1747 2468 1862 2528 talibus
1868 2471 1908 2529 si·

1073 2550 1310 2621 gnificationihus
1322 2553 1907 2624 prophetandum,immaculatorumani-

1075 2639 1195 2696 malium
1207 2641 1352 2698 sacrificia
1361 2642 1500 2699 Deussibi
1506 2645 1711 2716 jussitotierri;
1719 2651 1907 2721 utqnemad·

1075 2730 1194 2784 modum
1210 2729 1261 2785 illa
1271 2730 1459 2787 immaculata
1469 2738 1553 2789 erant
1567 2752 1584 2789 a
1598 2751 1754 2807 corporum
1763 2736 1855 2807 vitiis,
1863 2740 1907 2799 iu

1073 2823 1239 2888 speraretur
1249 2819 1447 2876 immolandus
1458 2837 1522 2877 esse
1531 2823 1684 2894 pronubis,
1694 2826 1744 2898 qui
1754 2826 1841 2885 solus
1850 2828 1904 2886 im·

1074 2906 1238 2963 maculatus
1252 2907 1347 2964 suerat
1361 2926 1378 2964 a
1393 2911 1530 2981 peccatis.
1540 2913 1607 2977 Qum
1621 2917 1756 2986 tempora
1765 2932 1820 2988 per
1835 2934 1903 2990 pro·

1073 2994 1191 3068 phetam
1207 2997 1249 3053 sic
1269 2999 1503 3069 praenuntiantur
1519 3015 1527 3058 ε
1547 3001 1616 3057 Deus
1630 3001 1745 3059 aarum
1765 3005 1903 3065 Demmua

1071 3084 1178 3140 locutus
1192 3094 1242 3152 est,
1257 3095 1284 3142 ee
1306 3088 1408 3143 vocavit
1432 3092 1544 3158 terrum,
1559 3107 1576 3146 a
1589 3092 1656 3147 sotis
1671 3101 1734 3148 ortu
1755 3110 1845 3169 usque
1866 3097 1904 3153 ud

1070 3190 1204 3235 ocensem:
1218 3191 1254 3231 ee
1268 3175 1332 3232 Sion
1343 3178 1445 3249 species
1455 3178 1559 3235 decoris
1572 3197 1643 3252 ejus.
1659 3181 1694 3238 st
1718 3183 1809 3255 paulo
1833 3191 1902 3258 post

1069 3263 1100 3318 in
1115 3265 1215 3320 eodem
1232 3263 1361 3337 psalmo:
1372 3265 1456 3332 Audi,
1467 3269 1675 3342 poputusmeuq
1687 3276 1714 3327 et
1725 3272 1902 3344 loquertibm

1070 3353 1170 3419 lsrael,
1185 3357 1213 3408 et
1236 3351 1406 3426 testificator
1426 3355 1478 3411 tibi
1492 3373 1502 3411 .·
1519 3361 1649 3428 quonium
1664 3359 1735 3416 Deus
1748 3362 1823 3419 oeus
1835 3367 1901 3423 tuus

1066 3457 1113 3513 eqo
1127 3458 1199 3497 sarm.
1213 3442 1271 3498 Nou
1284 3459 1367 3514 super
1378 3446 1518 3506 aecrirtciu
1532 3454 1706 3519 tuuarpuum
1718 3453 1756 3515 te:
1766 3451 1898 3509 lutosas·

1065 3537 1110 3586 sto
1124 3539 1215 3586 nutem
1229 3539 1276 3586 tua
1291 3535 1322 3587 m
1336 3542 1480 3602 conspectu
1495 3550 1552 3590 meo
1567 3544 1630 3591 euru
1638 3551 1754 3604 semper.
1773 3543 1836 3596 Nou
1849 3558 1896 3599 uc·

1063 3622 1167 3692 cipiem
1176 3620 1208 3676 de
1220 3619 1299 3677 domo
1314 3622 1479 3690 tuccitutcs,
1492 3623 1755 3697 nequedeqreqitus
1765 3630 1825 3685 tuis
1831 3629 1894 3685 tuir-

1062 3724 1115 3764 eos.
1139 3710 1274 3778 Quoniam
1288 3726 1358 3768 meae
1372 3717 1437 3767 suut
1452 3727 1544 3769 omnes
1564 3714 1655 3770 bestie
1673 3716 1762 3783 sitim,
1793 3735 1893 3791 pecore

1062 3799 1092 3853 iu
1106 3800 1245 3855 montibus
1263 3804 1289 3855 et
1313 3801 1400 3856 solea
1422 3802 1542 3873 Coquoui
1562 3805 1657 3859 omnic
1670 3804 1804 3862 uolutitu'a
1817 3809 1891 3879 coels',

1060 3891 1088 3943 et
1099 3890 1202 3959 speeies
1215 3890 1281 3958 aqrt
1295 3905 1402 3946 metum
1414 3899 1464 3946 eat.
1472 3889 1502 3946 St
1511 3893 1706 3962 esurieromoru
1715 3892 1811 3953 dicum
1820 3897 1889 3955 etti:

1059 3992 1134 4032 meus
1147 3982 1186 4033 est
1200 3979 1274 4033 enim
1288 3979 1361 4034 orbis
1377 3988 1457 4035 terre
1471 3983 1498 4036 et
1510 3979 1657 4052 plenitudo
1669 3986 1732 4056 ejus
1746 3985 1889 4060 Numquid

1056 4066 1331 4122 munducatoeomes
1341 4071 1496 4137 taurorum,
1506 4078 1556 4125 eut
1565 4073 1732 4143 sanquinem
1745 4074 1890 4133 hircorum

1054 4155 1174 4221 soluto?
1188 4154 1303 4211 lmmctu
1311 4156 1364 4212 Deo
1374 4158 1546 4228 sucrificium
1560 4159 1663 4227 laudis,
1673 4165 1700 4217 et
1714 4162 1890 4222 reddemus·

1054 4245 1124 4301 simo
1139 4252 1199 4299 uota
1213 4247 1271 4299 tuo.
1297 4245 1453 4302 utiterum
1469 4248 1498 4302 in
1516 4248 1573 4303 line
1597 4248 1704 4321 psalmi
1729 4252 1886 4323 ejusdem:

1052 4333 1238 4402 Sacrificium,
1254 4333 1361 4407 inquit,
1378 4334 1468 4390 leudis
1478 4335 1654 4394 bonorieetit
1673 4355 1727 4406 oue,
1738 4344 1767 4396 et
1782 4342 1823 4398 ibi
1840 4344 1888 4399 utu

1052 4422 1254 4494 quaesteudam
1262 4423 1308 4479 itti
1315 4423 1438 4480 satutare
1447 4426 1497 4481 Dei
1504 4427 1595 4495 (Paul.
1607 4428 1693 4500 xtra).
1704 4428 1772 4486 Jam
1783 4430 1819 4487 de
1830 4430 1886 4490 boc

1051 4512 1174 4568 salutari
1184 4511 1435 4585 Dei,quodipsesit
1450 4514 1586 4573 Christus
1596 4533 1687 4590 snpra
1701 4533 1884 4578 commemo·

1050 4600 1110 4656 ravi
1122 4606 1212 4672 atque
1226 4601 1545 4674 monstravi(Supru,u.
1557 4604 1612 4678 15).
1626 4606 1708 4673 Quod
1719 4612 1766 4664 est
1780 4614 1883 4666 autem

1049 4690 1194 4745 sacratius
1205 4689 1301 4745 landis
1312 4690 1503 4759 sacrificium,
1511 4709 1600 4765 qnam
1612 4693 1641 4749 in
1651 4694 1767 4752 actione
1775 4697 1884 4769 gratia·

1048 4778 1129 4834 rum‘l
1137 4778 1171 4834 Ct
1181 4779 1259 4834 unde
1268 4779 1394 4850 majores
1402 4781 1522 4852 agenda
1531 4786 1602 4838 sunt
1611 4782 1669 4839 Deo
1677 4783 1880 4859 gratiaeqnam

1046 4882 1099 4938 pro
1109 4866 1360 4940 ipsiusgratiaper
1369 4867 1471 4924 iesum
1478 4869 1629 4927 Christum
1638 4871 1800 4930 Dominum
1814 4890 1881 4933 nos

1045 4955 1880 5029 trnmiouodtotumssdelesinllcclesiaesaeritlciosciunt,

1044 5045 1129 5117 quus
1139 5045 1251 5101 umbrae
1261 5046 1380 5102 suerunt
1389 5046 1631 5121 omnia'priorum
1642 5064 1753 5123 genere
1768 5053 1879 5109 sacriti-

1043 5150 1165 5191 crorum.
1177 5133 1228 5190 leti
1244 5138 1341 5190 autem
1357 5134 1505 5210 vaniloqui
1522 5137 1748 5211 reprehensores
1767 5140 1878 5199 Veteris

1043 5222 1233 5292 Testamenti,
1253 5222 1341 5279 etiam
1356 5222 1570 5300 sicaeteraqua
1587 5229 1819 5287 commemoravi
1839 5230 1877 5289 ds

1041 5313 1096 5371 hoc
1107 5313 1221 5388 psalmo
1232 5313 1332 5371 minus
1343 5314 1525 5390 intelligunt,
1534 5318 1664 5375 sufficiat
1672 5318 1716 5375 eis
1725 5324 1875 5393 qnantum

1041 5406 1077 5462 ad
1089 5409 1266 5478 presentem
1284 5404 1478 5477 questionem
1496 5407 1612 5473 attinet,
1628 5406 1789 5480 quintiana
1803 5410 1873 5468 Pro·

965 5527 988 5584 i,
1039 5494 1496 5568 phetarum,qui1)eusestetiam
1505 5494 1875 5569 Apostolorum,nonman·

1039 5584 1127 5641 ducat
1141 5587 1294 5640 taurorum
1309 5600 1422 5657 omnes,
1439 5602 1493 5645 neo
1516 5585 1690 5660 sanguinem
1711 5590 1796 5661 potat
1809 5585 1873 5647 hir·

1067 5792 1079 5830 ¹
1095 5788 1170 5853 ltus„
1184 5802 1253 5843 uere.
