3908 6128
75 256 154 320 {023

630 264 681 326 DE
702 262 929 338 estulentis,
953 263 986 325 S.
1008 264 1224 326 AUGUSTINl
1702 266 1781 328 lost

75 406 143 447 nem
156 406 214 446 non
230 406 362 449 anemos.
375 393 456 459 Quod
468 395 492 451 si
503 396 624 465 faciunt,
639 399 727 454 etiam
746 397 827 470 ipsas
842 394 897 451 nti·
954 399 1063 468 quanto
1079 400 1123 452 est
1133 395 1313 466 credibilius,
1329 401 1434 454 nutura
1448 394 1525 454 filios
1538 396 1672 455 hominis
1686 398 1782 472 grstia

73 494 130 551 que
144 496 242 536 amare
261 481 441 551 desistimus,
454 487 571 556 quaudo
582 486 790 559 illumpropter
808 503 897 559 quam
952 484 1002 540 Dei
1017 484 1092 540 lilios
1109 485 1157 541 Dei
1174 485 1246 551 fieri,
1262 491 1291 542 et
1306 485 1438 543 habiture
1454 488 1483 542 in
1500 491 1568 556 Deo,
1584 488 1613 543 in
1636 504 1696 561 quo
1719 487 1782 544 solo

75 568 169 626 solam
180 570 252 626 istas
272 571 447 641 amavimus,
469 591 527 631 uon
539 592 683 632 autumus.
699 577 809 632 Deinde
826 593 898 648 quo·
950 573 1028 628 etde
1044 590 1101 644 quo
1118 572 1179 629 solo
1191 589 1255 629 esse
1270 579 1394 645 possunt
1404 574 1479 629 treati
1489 573 1651 647 participes
1658 574 1782 630 immor·

75 658 898 737 medocritveratamillaperspectn¹,tnmexaminatn‚
950 660 1073 717 talitatis
1102 663 1166 732 ejus
1202 662 1316 728 ellecti;
1341 667 1458 734 propter
1495 662 1573 735 qued
1602 662 1784 736 persuaden-

73 749 135 804 tem
147 746 284 819 eliquata,
301 753 362 805 tam
378 758 456 807 corta
467 754 620 826 sententia,
634 755 733 810 beatos
756 769 821 809 esse
836 769 898 808 om·
950 750 1019 806 dum
1038 751 1084 806 liei
1100 750 1191 807 Filius
1206 750 1352 823 particeps
1368 756 1473 808 nostre
1498 751 1696 809 mortalitatis
1717 752 1786 809 elle·

1 886 3 892 .
72 851 127 895 nes
142 835 275 893 homines
291 838 372 908 velle,
389 840 414 896 si
429 840 486 914 ipsi
497 843 546 914 qui
559 843 622 914 jam
639 842 714 899 beati
730 847 808 910 sunt,
822 840 898 897 beati
949 843 1015 896 otus
1030 839 1096 895 esti

72 940 201 983 essenec
216 925 331 993 uolunt,
348 944 400 983 nec
414 927 537 984 volunt?
559 932 617 986 Aut
632 930 657 986 si
672 929 783 1000 volunt,
800 931 831 983 ut
850 944 897 984 ve·
984 927 1097 984 CAPUT
1112 927 1144 982 Χ.
1161 959 1196 969 -
1207 928 1250 984 13.
1267 931 1459 986 iucarnationis
1477 929 1555 987 Verbi
1569 930 1782 987 convenientior

71 1013 145 1071 ritas
160 1013 276 1082 clamet,
293 1021 325 1070 ut
337 1021 443 1073 natura
453 1017 612 1091 compellit,
621 1020 668 1074 cui
680 1034 796 1075 summe
805 1017 898 1074 bouus
947 1032 1004 1072 non
1016 1019 1072 1087 luit
1086 1017 1181 1073 nrodus
1196 1018 1269 1074 alins
1285 1019 1426 1074 liberandi
1435 1017 1783 1075 dominicanortulitntis

69 1105 100 1159 et
113 1102 336 1160 immutabiliter
346 1107 448 1163 beatus
463 1105 580 1162 Creator
592 1108 700 1163 indidit
721 1109 792 1173 bcc;
808 1107 832 1162 si
848 1123 896 1161 vo·
947 1107 1074 1162 miseric.
1091 1106 1187 1163 llen'tn
1201 1121 1265 1181 qnae
1286 1108 1418 1164 dicuntur
1432 1111 1537 1175 nostro,
1555 1106 1628 1164 donn
1645 1108 1783 1165 canitiei.

69 1190 145 1260 lunt,
162 1191 291 1262 inquam,
309 1194 385 1250 beati
401 1198 525 1268 essequi
541 1195 618 1252 beati
634 1201 713 1264 sunt,
737 1196 811 1252 beati
840 1212 897 1251 non
948 1195 1113 1267 llositnque
1126 1196 1296 1268 qnidiount,
1314 1197 1499 1253 ltnnedeiuit
1513 1196 1689 1253 Deomodus
1704 1195 1783 1253 alins

71 1297 136 1339 esse
151 1282 252 1354 utique
268 1283 412 1339 nolunt.Si
424 1289 522 1341 autem
538 1286 615 1342 besti
633 1303 691 1341 non
706 1302 771 1342 osse
782 1283 896 1352 uolunt,
948 1299 1007 1356 quo
1021 1283 1158 1341 liberaret
1171 1285 1306 1343 homines
1321 1303 1338 1342 a
1353 1285 1782 1359 miseriamortalitstishujus,

73 1369 174 1440 procul
199 1371 287 1428 dubio
312 1372 415 1429 nolunt
438 1375 573 1430 consumi
600 1375 693 1447 perire
717 1375 795 1446 quod
822 1373 897 1431 besti
948 1376 981 1428 ut
995 1373 1179 1446 unigenitum
1189 1373 1295 1430 Filium
1306 1374 1397 1430 Deum
1413 1373 1470 1431 sibi
1484 1375 1782 1446 coeternumhomi-

72 1463 153 1516 sunt.
175 1458 232 1516 Nec
247 1460 303 1517 uisi
323 1462 452 1518 viventes
468 1463 544 1519 beati
561 1480 625 1520 esse
640 1467 763 1536 possunt
774 1480 781 1519 ι
794 1462 898 1520 nolunt
948 1477 1016 1519 nem
1032 1461 1526 1531 derivollet,induendohumanam
1541 1461 1784 1521 animametcar·

948 1570 1028 1620 nem,
1039 1551 1252 1625 mortalemque
1267 1552 1377 1609 tactum
1394 1555 1517 1608 mortem
1532 1551 1664 1625 perpeti?
1673 1569 1780 1624 parum

949 1641 1035 1701 stela
1051 1640 1192 1711 refellere,
1209 1644 1241 1696 ut
1256 1641 1348 1698 istum
1365 1641 1485 1698 modum
1506 1657 1564 1716 qno
1578 1657 1634 1698 nos
1646 1657 1700 1714 per
1717 1640 1780 1698 Me·

949 1732 1092 1789 dictorem
1103 1729 1782 1788 Deiethomiuumbominemchriatumlesum

949 1818 1317 1893 Deuslibemredignatur,
1333 1835 1501 1877 asseramus
1512 1819 1623 1876 bonum
1634 1819 1782 1877 etdirinss

948 1908 1781 1982 moganumdignttaci:verumetiamutostendamusnon

949 1999 1040 2056 alium
1052 1997 1174 2054 modum
1185 1996 1356 2070 possibilem
1366 2002 1423 2054 Deo
1434 1997 1574 2066 defuisse,
1591 1999 1678 2070 cujus
1696 2003 1780 2071 pote·

948 2087 1018 2143 stati
1034 2091 1138 2143 cuncta
1159 2086 1311 2158 aqualiter
1331 2086 1711 2158 subjacent;sedsausudoe
1729 2104 1781 2144 no·

950 2180 1016 2232 stre
1032 2174 1156 2231 miseria
1180 2174 1444 2232 convenientiorem
1459 2176 1580 2232 modum
1602 2173 1695 2232 alium
1722 2191 1782 2232 non

950 2264 1052 2331 luisse,
1068 2280 1121 2319 nec
1135 2279 1200 2320 esse
1207 2263 1383 2337 oportuisse.
1396 2263 1470 2329 Quid
1481 2264 1560 2320 enim
1570 2267 1633 2321 tam
1643 2280 1781 2322 necessa·

950 2353 1027 2410 rium
1044 2353 1100 2409 luit
1114 2354 1149 2408 ad
1165 2353 1334 2426 erigendam
1350 2369 1433 2426 spem
1449 2362 1590 2422 nostram,
1606 2357 1783 2427 mentesque

951 2442 1119 2499 mortalium
1135 2442 1302 2499 conditione
1322 2441 1416 2514 ipsius
1432 2439 1618 2498 mortalitatis
1636 2442 1779 2514 abjectus,

951 2531 988 2588 ab
1009 2530 1239 2588 immortalitatis
1261 2531 1463 2604 desperatione
1482 2530 1661 2601 liberandas,
1686 2548 1779 2604 quam

951 2624 985 2677 ut
998 2621 1251 2677 demonstraretur
1262 2619 1346 2676 nobis
1356 2618 1521 2692 quantinus
1535 2619 1676 2693 penderet
1689 2625 1779 2690 Deus,

952 2713 1155 2782 quantumque
1168 2708 1317 2782 diligeret?
1336 2709 1412 2774 Quid
1440 2725 1508 2765 vero
1523 2707 1615 2782 hujus
1634 2708 1676 2766 rei
1696 2713 1782 2767 tante

952 2799 1008 2855 isto
1024 2797 1131 2854 iudicio
1144 2797 1329 2855 manifestius
1342 2801 1430 2869 atque
1444 2793 1625 2871 preclarius,
1636 2813 1729 2870 quam
1744 2802 1778 2855 nt

952 2887 1002 2944 Dei
1018 2886 1111 2944 Filius
1125 2885 1349 2943 immutabiliter
1358 2886 1497 2953 bonus,in
1512 2903 1544 2943 se
1560 2887 1779 2960 manens,qued

952 2981 1024 3045 erat,
1038 2974 1185 3033 etsnobis
1207 2975 1356 3048 pronubis
1378 2975 1611 3048 accipiensqnod
1634 2992 1693 3032 non
1709 2981 1784 3049 erat,

953 3068 1057 3138 preter
1072 3081 1131 3120 sun
1147 3068 1257 3120 nature
1272 3063 1507 3133 detrimentum,
1524 3067 1630 3120 nostra
1642 3063 1785 3137 dignatus

3 1603 7 1607 .
70 1547 163 1622 igitur
174 1549 267 1622 perire
279 1551 356 1623 quod
366 1550 666 1609 visuntlmmortales
682 1569 750 1627 ergo
765 1568 830 1609 esse
843 1569 898 1608 vo-

70 1636 146 1707 lunt,
158 1639 409 1711 quicumquevere
419 1641 495 1697 beati
506 1641 550 1698 rel
558 1644 627 1698 suut
636 1642 752 1698 seleseo
763 1641 895 1714 cupiunt.

70 1726 134 1783 Non
158 1732 256 1783 autem
276 1729 346 1784 vivit
364 1729 457 1801 besto,
473 1731 519 1787 cni
536 1747 593 1787 uon
610 1732 693 1787 adest
708 1731 786 1802 quod
813 1729 895 1786 vult:

72 1814 154 1873 nullo
170 1816 256 1872 modo
269 1816 359 1889 igitur
377 1834 441 1876 esse
456 1819 561 1891 poterit
574 1819 632 1875 vita
648 1819 788 1877 veraciter
803 1819 896 1890 beata,

72 1903 132 1961 nisi
147 1903 235 1961 fuerit
251 1907 441 1979 sempiterna.

109 1993 227 2050 CAPUT
238 1994 283 2052 lX.
292 2027 325 2036 -
333 1996 376 2052 tu
389 1997 448 2053 Non
457 1998 896 2071 leumanisorqunsentotionitus,

72 2081 289 2155 sedfideiuuniti
302 2085 760 2161 dicimurtentitudinemsuturom
770 2103 826 2145 esse
837 2103 899 2143 uere

73 2171 289 2245 sempiternom.
303 2174 344 2230 En
358 2175 427 2230 Filii
440 2178 492 2232 Dei
505 2178 697 2233 incarnatione
714 2176 854 2233 credibilia
867 2176 898 2248 fit

74 2262 899 2340 imruortutitnabeatitudinis.llancutrumcapiathumana

72 2354 189 2419 nature,
205 2369 295 2426 quem
311 2358 408 2409 tamon
424 2354 647 2411 desiderabilem
657 2355 822 2423 confltetur,
840 2372 899 2411 non

72 2454 164 2512 parva
177 2440 301 2512 questio
315 2444 370 2497 est.
383 2441 438 2497 Sed
451 2442 475 2497 si
486 2442 561 2498 tides
571 2441 658 2511 adsit,
679 2459 743 2515 quaa
765 2441 843 2499 inest
856 2441 899 2498 eis

72 2526 181 2601 quibus
191 2528 271 2585 dedit
286 2533 461 2602 potestatem
472 2530 560 2588 lesus
571 2530 646 2588 filios
664 2531 712 2587 Dei
728 2529 801 2600 fieri,
818 2530 900 2588 nulls

73 2617 189 2688 questio
213 2621 268 2674 est.
294 2619 438 2676 Humanis
466 2620 574 2693 quippe
595 2619 900 2693 argumentationibus

75 2704 138 2762 hec
152 2707 281 2764 invenire
304 2713 456 2778 conantes,
481 2708 529 2764 via
552 2708 638 2781 pauci
656 2725 761 2783 magno
785 2709 898 2782 prediti

75 2794 204 2869 ingenio,
220 2797 404 2855 abundantes
414 2799 483 2866 otio,
496 2798 697 2873 doctrinisque
712 2797 901 2855 subtibilissi-

74 2883 132 2943 mis
141 2885 258 2953 eruditi,
270 2886 305 2943 ad
322 2887 519 2960 indagandam
531 2888 622 2944 solius
633 2889 737 2944 nnimae
752 2888 900 2944 immorta-

73 2971 187 3031 litatem
202 2976 352 3047 pervenire
363 2981 530 3048 potuerunt.
543 2977 698 3034 uuitamen
714 2977 819 3034 animas
834 2977 900 3033 bes·

74 3065 136 3120 tam
151 3063 241 3119 vitam
258 3080 314 3119 non
331 3065 505 3122 invenerunt
520 3065 667 3135 stabilem,
678 3066 707 3122 id
723 3070 767 3122 est
781 3082 898 3122 veram:

76 3153 113 3211 ad
129 3151 263 3210 miserias
273 3171 338 3211 enm
354 3155 461 3228 qnippe
474 3156 540 3212 ritae
556 3157 647 3230 hujus
658 3157 746 3213 etiam
761 3157 900 3230 postben·

74 3240 232 3299 titudinem
248 3244 502 3301 rediredixerunt.
528 3245 562 3302 ltt
577 3245 628 3319 qui
657 3261 757 3302 eornm
782 3246 818 3301 de
847 3244 900 3302 hac

78 3331 259 3388 erubuerunt
273 3333 427 3401 sententia,
441 3339 470 3390 et
484 3334 613 3391 animam
623 3333 815 3407 purgatamiu
828 3350 902 3391 sem-

11 3474 16 3495 ,
78 3419 193 3494 piterna
204 3421 396 3479 beatitudinel
410 3422 474 3479 sine
490 3439 610 3496 corpore
625 3423 824 3480 collocandum
845 3441 902 3496 pu·

18 3522 21 3529 '
76 3512 222 3583 invemat,
233 3511 304 3568 talia
314 3512 349 3568 de
365 3512 467 3569 mundi
482 3518 625 3569 retrorsus
653 3513 813 3570 eternitate
835 3529 900 3570 sen-

77 3598 166 3667 tiunt,
185 3600 306 3657 uthans
320 3601 355 3659 de
371 3602 460 3657 animi
476 3601 650 3658 sententium
676 3618 760 3659 susm
784 3603 840 3675 ipsi
857 3620 901 3659 re·

1 3757 3 3766 ,
78 3687 225 3763 darguant
240 3706 247 3745 :
261 3692 338 3762 quod
353 3690 401 3746 hic
416 3689 538 3764 longum
564 3697 608 3749 est
623 3692 836 3764 demonstrare,
851 3692 901 3748 sed

76 3776 108 3835 in
128 3777 202 3835 libro
222 3779 394 3836 duodecimo
409 3780 444 3836 de
465 3779 587 3836 Ciuitate
604 3780 665 3847 Dei,
691 3780 796 3837 salisa
819 3781 903 3836 nobis

78 3871 134 3938 est,
150 3872 294 3940 qnantum
308 3869 444 3938 arbitror,
459 3868 634 3942 explicatum
650 3869 728 3942 (Cup.
745 3870 801 3942 20).
818 3870 904 3926 Fides

2 3964 6 3971 '
80 3960 176 4012 autem
208 3956 265 4013 ista
287 3961 382 4013 totum
408 3958 556 4013 hominem
590 3957 787 4014 immortalem
825 3958 903 4014 lutc-

3 4088 9 4097 .
79 4061 159 4118 rum,
174 4046 225 4118 qui
240 4046 341 4118 utique
363 4051 478 4103 constat
499 4062 534 4102 ex
549 4046 649 4103 anima
671 4063 799 4118 corpore,
815 4051 845 4102 et
868 4047 904 4104 ob

10 4116 19 4135 ⁸
80 4134 136 4192 hcc
151 4150 215 4192 vere
230 4136 360 4205 beatum,
376 4152 434 4192 non
450 4134 904 4207 argumentationehumana‚sed

80 4223 179 4282 divina
197 4225 367 4282 auctoritate
389 4223 542 4298 promittit.
558 4224 593 4280 ut
620 4223 685 4280 ideo
711 4240 777 4280 cum
794 4225 905 4281 dictum

79 4318 158 4372 esset
180 4314 211 4369 in
230 4313 476 4387 Erangeliqquod
501 4314 589 4371 Jesus
613 4313 726 4370 dederit
747 4319 907 4386 potestatem

1 4469 3 4474 Ι
78 4401 153 4475 filios
169 4403 217 4458 Dei
230 4405 335 4474 ,ieritis
348 4405 396 4476 qui
410 4419 472 4459 eum
488 4410 659 4475 receperunt,
675 4402 788 4475 etquid
805 4403 845 4459 sit
865 4420 906 4460 re·

80 4489 194 4563 cepisse
213 4508 291 4563 cnm,
317 4492 443 4548 breviter
457 4491 548 4550 inisse
570 4492 747 4565 expositum,
770 4491 905 4561 dicendo,

80 4578 258 4637 credentibus
273 4580 302 4635 in
318 4583 430 4638 nemine
441 4584 500 4654 ejus
508 4599 519 4645 ;
535 4597 651 4654 quoqne
672 4582 757 4653 modo
780 4579 833 4636 filii
856 4580 906 4637 Dei

81 4668 196 4739 tierent,
213 4671 291 4725 esset
304 4668 489 4738 adJ'unctum‚
515 4670 568 4740 Qui
578 4686 635 4726 non
659 4686 695 4727 en
713 4670 907 4742 conquiritur,

21 4834 24 4839 Ι
80 4772 168 4833 neque
181 4773 218 4814 en
231 4757 369 4814 voluntate
383 4761 588 4830 concinneque
602 4775 637 4815 en
646 4760 787 4817 uoluntate
798 4761 855 4816 oiri
862 4759 909 4818 sed

81 4863 119 4906 en·
132 4848 185 4905 Dec
198 4849 260 4903 nati
272 4855 339 4904 sunt
351 4864 358 4903 z
369 4864 406 4903 ne
421 4847 478 4904 ista
491 4847 644 4904 hominum
660 4865 748 4920 quom
773 4849 908 4906 videmus

82 4940 112 4994 et
126 4941 276 5010 gestamus
292 4935 450 4992 infirmitas
465 4939 577 4992 tantam
591 4936 791 4994 excellentiam
807 4938 908 5010 despe-

1 5050 14 5105 1,
83 5028 171 5097 reret,
188 5024 265 5082 illico
279 5040 425 5081 annexum
441 5027 496 5096 eet,
508 5025 540 5080 Et
550 5025 733 5083 certumenro
742 5029 905 5098 [munirent

1 5125 10 5186 2.
81 5118 109 5173 et
122 5115 255 5173 mutinen
271 5117 301 5171 in
314 5115 391 5171 nobis
406 5114 496 5186 (loun.
511 5131 529 5182 1,
546 5114 652 5186 12-1t);
668 5122 698 5170 ur
715 5131 731 5170 a
757 5115 901 5173 commo

85 5204 258 5261 suaderetur
281 5205 358 5277 quod
388 5201 559 5260 incredibile
582 5202 745 5260 videbatur.
770 5204 798 5259 si
823 5205 901 5260 euim

81 5297 188 5349 natura
202 5292 251 5348 Dei
263 5292 352 5349 Filius
362 5297 480 5365 propter
495 5291 570 5348 filios
579 5290 732 5348 hominnm
745 5291 907 5348 misericor·

82 5380 132 5437 dla
145 5379 240 5437 lactus
254 5385 298 5436 est
313 5382 441 5438 hominis
457 5381 547 5449 idios,-
560 5381 614 5437 hoc
629 5384 675 5437 est
688 5380 777 5450 enim,
792 5381 907 5437 Verbum

27 5528 32 5535 ,
82 5483 149 5525 curo
160 5471 264 5541 suctum
277 5479 324 5538 eat,
340 5476 367 5526 et
392 5471 526 5527 destiterit
551 5473 583 5526 in
612 5472 691 5526 nobis
710 5469 904 5527 bominibus:

118 5679 218 5741 ¹Editl,
233 5681 358 5747 perlecto.
369 5682 464 5734 Malim
477 5683 551 5746 blas,
565 5687 709 5750 pecnnia.

141 5743 219 5807 neit,
234 5756 263 5798 an
275 5743 457 5810 sempiternum
468 5745 663 5803 innitentem.

953 3152 1226 3220 inireconsortium,
1237 3153 1321 3225 prins
1335 3152 1359 3208 si
1373 3151 1695 3210 ullomalosuomerito
1704 3153 1786 3210 mals
1887 3205 1891 3217 ,

953 3248 1054 3300 nostra
1063 3242 1248 3315 perterrstmc
1260 3241 1367 3313 sicjam
1379 3241 1566 3298 credentibus
1575 3247 1721 3314 quantum
1731 3258 1786 3299 noe

954 3330 1057 3404 diligat
1071 3331 1159 3395 Deus,
1169 3334 1196 3387 et
1211 3331 1289 3404 quod
1304 3330 1535 3403 desperabamus
1550 3331 1614 3404 jam
1636 3331 1785 3404 speranti-

954 3420 1021 3488 bus,
1038 3421 1116 3476 dona
1129 3419 1159 3475 in
1184 3436 1238 3476 nos
1259 3435 1313 3475 sua
1326 3418 1390 3476 sine
1414 3417 1483 3476 ullis
1499 3420 1583 3476 bonis
1599 3419 1714 3475 meritis
1731 3437 1787 3476 no-

955 3509 1036 3579 stris,
1049 3508 1110 3566 imo
1126 3508 1358 3581 precedentibus
1380 3513 1409 3565 et
1424 3506 1512 3565 malis
1527 3507 1639 3564 meritis
1662 3508 1787 3580 nostris,

955 3597 1085 3656 indebite
1099 3597 1233 3671 largitate
1243 3597 1412 3654 conferret?

992 3688 1036 3744 ll.
1048 3687 1121 3752 Quia
1136 3691 1164 3743 et
1178 3703 1212 3743 ea
1225 3703 1288 3760 que
1304 3686 1442 3743 dicuntur
1457 3685 1562 3742 merita
1576 3690 1689 3754 nostra,
1703 3686 1788 3744 dona

957 3781 1026 3834 sunt
1034 3777 1109 3846 ejus.
1125 3775 1161 3833 Ut
1175 3775 1255 3831 enirn
1271 3775 1344 3832 tides
1359 3774 1547 3831 dilectionem
1563 3779 1701 3848 operetur
1723 3777 1790 3849 (Ga-

957 3866 1006 3922 lat.
1019 3883 1046 3930 v,
1062 3865 1099 3932 6),
1112 3863 1235 3921 odontes
1246 3865 1294 3921 Dei
1305 3863 1406 3937 ditium
1423 3867 1462 3920 ert
1486 3865 1518 3919 in
1542 3863 1671 3920 cordibus
1684 3867 1792 3922 nostris

956 3971 1007 4026 per
1020 3953 1154 4025 Spiritum
1169 3960 1293 4009 sunctum
1305 3953 1354 4024 qut
1360 3953 1441 4009 datm
1456 3957 1495 4009 eet
1507 3953 1587 4008 nobis
1606 3957 1695 4023 (dom.
1706 3970 1736 4021 v,
1748 3954 1788 4026 5).

956 4044 1038 4100 Tunc
1052 4046 1097 4099 est
1111 4047 1211 4099 autem
1226 4043 1323 4113 datus,
1340 4041 1457 4113 qnando
1474 4045 1520 4099 eet
1534 4041 1622 4098 iesus
1639 4057 1788 4099 resurrec-

957 4131 1237 4189 tioneclarillcutus.
1262 4131 1344 4187 Tunc
1370 4130 1449 4187 enim
1470 4146 1537 4186 eum
1569 4146 1601 4186 se
1624 4130 1788 4188 missurum

958 4237 1023 4279 esse
1038 4221 1172 4295 promisit
1187 4224 1216 4277 et
1230 4219 1311 4277 misit
1326 4220 1418 4293 (loun.
1436 4235 1482 4290 xx,
1499 4219 1552 4288 22;
1570 4235 1621 4286 vu,
1637 4218 1684 4289 39,
1699 4224 1726 4275 et
1740 4238 1788 4288 nv,

957 4311 1004 4383 26)
1016 4326 1023 4366 :
1035 4309 1105 4383 quin
1119 4314 1199 4381 tunc,
1215 4309 1293 4365 sicut
1307 4308 1343 4364 de
1358 4307 1408 4364 illo
1423 4307 1564 4380 scriptum
1587 4312 1644 4376 est,
1661 4312 1692 4364 et
1715 4325 1789 4381 pras·

959 4398 1081 4470 dictum,
1097 4398 1225 4454 Ascendit
1245 4399 1276 4454 in
1295 4397 1397 4463 altum,
1420 4397 1786 4470 constantinensesque»,

959 4489 1034 4547 dedit
1051 4489 1123 4545 donc
1145 4487 1303 4544 nominibus
1332 4486 1440 4562 (prea.
1468 4503 1507 4558 iv,
1523 4487 1551 4553 8,
1567 4489 1595 4542 et
1611 4488 1685 4542 Ptol.
1702 4502 1788 4554 nuru,

960 4578 1018 4652 19).
1035 4582 1101 4634 Hes
1120 4578 1198 4633 done
1211 4580 1282 4633 sunt
1297 4575 1401 4632 merita
1415 4579 1527 4642 nostra,
1537 4574 1647 4647 quibus
1658 4575 1694 4630 sd
1707 4591 1791 4631 sum·

960 4685 1043 4724 mum
1069 4668 1180 4724 bonum
1206 4662 1385 4721 immortalis
1406 4662 1626 4720 beatitudinis¹
1656 4664 1791 4734 perveni·

960 4774 1038 4814 mus.
1056 4755 1233 4814 Commendet
1250 4763 1354 4823 nutem,
1369 4752 1467 4826 inquit
1481 4751 1648 4826 Apostolus,
1664 4753 1788 4810 otardo-

960 4859 1017 4907 tem
1030 4865 1110 4906 suane
1123 4848 1195 4904 uena
1211 4848 1242 4902 in
1255 4848 1345 4914 emtis,
1361 4846 1492 4916 quoniam
1505 4860 1569 4900 cum
1582 4843 1672 4899 adduc
1689 4859 1788 4916 pecen-

961 4943 1033 4996 tores
1048 4954 1173 5001 essemus,
1196 4935 1321 4991 Christus
1333 4950 1384 5007 pro
1398 4933 1477 4991 notu
1499 4940 1624 4991 mortuus
1638 4937 1688 4989 ert.
1704 4933 1789 4990 liutto

960 5029 1048 5101 mepte
1071 5024 1223 5098 justificati
1248 5039 1322 5080 nnnc
1354 5023 1385 5079 in
1420 5023 1556 5095 sanquine
1581 5023 1688 5095 ipsius,
1715 5023 1791 5079 sciui

960 5119 1065 5174 erimus
1099 5114 1131 5169 ot
1170 5112 1218 5169 iro
1255 5127 1309 5185 per
1345 5113 1450 5183 ipsum.
1480 5110 1584 5167 Adbuc
1619 5109 1722 5180 addit,
1761 5115 1792 5167 et

961 5205 1041 5273 dicit,
1071 5203 1101 5260 Si
1127 5203 1202 5258 enim
1229 5218 1293 5258 curn
1317 5202 1426 5257 inimici
1453 5216 1582 5271 essemus,
1609 5200 1790 5256 reconciliati

960 5309 1054 5350 snmus
1069 5294 1120 5348 Deo
1129 5307 1179 5361 per
1194 5294 1309 5346 mortem
1323 5290 1390 5345 Filii
1404 5290 1474 5362 ejuc,·
1494 5289 1580 5344 mutto
1594 5289 1681 5360 napis
1696 5304 1791 5344 recon-

959 5383 1062 5451 ciliati,
1077 5381 1147 5436 antei
1160 5380 1268 5436 erimus
1283 5379 1314 5434 in
1329 5378 1384 5435 utto
1398 5379 1495 5451 ipsius.
1518 5377 1597 5444 Quos
1620 5378 1791 5450 peccatores

992 5624 1001 5659 ¹
1017 5620 1188 5681 Ensibus..
1221 5620 1298 5672 rerer
1312 5617 1406 5669 enims
1418 5630 1471 5668 m
1487 5618 1589 5669 natm
1604 5615 1791 5670 menses

959 5684 1051 5745 Abest,
1064 5683 1182 5734 mines
1222 5696 1259 5735 ss.
1272 5685 1300 5734 st
1314 5680 1433 5734 eduens
1443 5681 1503 5734 Am.

992 5745 1228 5814 ¹stellantem
1242 5742 1572 5812 rememoraturus
1596 5739 1777 5800 “dium
