3908 6128
108 303 1813 353 mx:

396 438 434 498 td
455 437 604 501 nlnuutt
625 439 676 500 lit}
700 441 854 502 DUABUS
879 440 1081 501 aututsus
1105 441 1262 500 eltutus
1279 431 1531 500 MANICHAEOS.

112 557 183 619 l'rde
197 557 249 620 ut.
269 563 280 619 l
299 564 407 643 capit
425 564 670 635 detractionum,
685 572 706 624 t.
723 566 751 631 l,
767 563 822 624 rol.
838 565 899 626 608
912 583 944 625 n.
963 565 991 637 l,
1008 583 1026 625 o
1043 562 1149 637 uodo,
1172 566 1245 624 Post
1258 583 1341 642 gone
1356 564 1470 624 librum
1484 562 1538 644 (o),
1561 581 1653 644 usque
1675 562 1718 624 od
1743 562 1803 639 col,

527 647 596 717 dtu,
615 665 646 704 rr.
662 644 692 718 8,
708 644 817 718 verim,
834 643 1013 724 opitulante
1028 645 1082 705 llei
1099 646 1320 705 misericerdis.
1337 647 1378 705 u.

133 765 172 817 tol
188 763 249 814 Post
262 777 332 827 opos
345 765 469 817 videlicet
483 767 517 817 de
531 766 647 819 Utilitate
661 767 796 830 credendi,
812 767 885 832 quod
902 768 1006 818 circiter
1021 781 1123 818 annum
1135 767 1230 817 Christi
1241 770 1283 819 set
1300 768 1481 829 conscriptum
1495 771 1543 818 est.
1560 767 1700 817 Recessito
1718 770 1809 817 autem

103 827 232 885 prrssenti
245 827 315 877 libro
328 827 361 877 de
375 829 484 879 Duabus
500 831 655 889 Animatus,
671 831 790 895 proxime
803 830 910 893 subjicit
925 832 1090 895 Augustinus
1103 831 1301 882 detractionem
1310 830 1369 880 libri
1378 844 1425 880 seu
1441 830 1629 893 disputationis
1639 833 1733 880 contra
1746 829 1809 880 For·

101 889 240 947 innatum,
256 902 317 955 quus
332 890 424 941 habita
437 896 479 942 est
491 890 533 943 die
549 894 579 944 28
592 892 742 958 Augustini,
758 907 802 944 an.
817 895 873 944 ees.

472 1152 532 1252 s.
578 1152 929 1255 sunnnrr
977 1088 1451 1258 socnsnr'rvr

746 1332 980 1398 flteouutttts
1001 1332 1180 1397 nstsuost

257 1483 412 1649 uti
480 1481 972 1653 DUABUS
1043 1480 1677 1651 nutrituris

653 1718 881 1808 CONTRA
910 1719 1255 1809 MtttICHAEOS

782 1870 927 1945 LIBER
952 1869 1075 1944 UNUS
1094 1869 1132 1943 (α)

131 2099 290 2152 Manicbreis
303 2101 437 2154 hereticis
451 2103 518 2154 duas
528 2103 630 2154 enimse
645 2105 673 2154 in
687 2116 852 2216 unoquoque
866 2102 975 2153 homine
991 2116 1059 2161 esse,
1075 2116 1155 2153 unam
1171 2103 1203 2154 de
1220 2105 1265 2154 Dei
1287 2103 1435 2154 substantia
1450 2102 1558 2159 bonam,
1575 2101 1685 2151 alteram
1707 2097 1807 2151 melam

102 2160 138 2211 de
154 2164 330 2214 uuebrarom
362 2169 424 2215 ente
439 2166 732 2217 necaDeoconditam
764 2166 906 2223 tuentibus,
918 2163 1210 2227 doletsedugusttnus
1220 2168 1258 2217 sic
1272 2165 1460 2226 adhaesissent
1470 2164 1505 2214 ad
1519 2164 1636 2214 rationes
1651 2160 1749 2227 quibus
1762 2160 1809 2211 de·

98 2223 276 2276 linmentom
289 2180 362 2301 ictui
378 2231 517 2288 evertitur,
526 2235 579 2303 tem
594 2229 687 2279 obvias
702 2235 810 2302 tamque
825 2226 983 2301 msnilsstcs
995 2228 1213 2302 non'attenderit.
1229 2229 1345 2280 Primum
1357 2227 1623 2302 eqimnconsideranti
1639 2224 1714 2275 tacite
1726 2238 1760 2288 ap
1781 2235 1809 2273 a·
1907 2256 1910 2261 -

99 2299 172 2359 rere.
186 2301 295 2361 omnem
310 2303 438 2350 sormam,
454 2305 515 2341 cum
530 2290 718 2355 vitaquredam
733 2296 777 2351 srt,
792 2304 887 2354 resque
901 2289 1082 2352 intelligibilis,
1098 2304 1129 2341 sc
1144 2291 1257 2355 proinde
1278 2292 1336 2342 luce
1361 2291 1468 2348 visibill,
1487 2302 1568 2354 quam
1583 2303 1599 2338 a
1615 2288 1668 2338 Deo
1681 2300 1739 2338 esse
1779 2298 1810 2337 a·

100 2351 199 2399 mensi
214 2350 343 2410 letentur,
357 2355 538 2415 praestantior,
554 2355 657 2404 auctori
672 2355 725 2404 Deo
741 2352 993 2403 tribuendamtocs
1010 2367 1072 2403 vero
1086 2354 1225 2417 scripturas
1239 2355 1337 2419 quibus
1351 2353 1386 2402 illi
1400 2352 1484 2403 melos
1495 2366 1527 2401 cx
1544 2352 1597 2400 Deo
1612 2362 1667 2400 non
1681 2362 1740 2400 esse
1754 2347 1811 2398 dis-

100 2415 209 2485 pptant,
225 2414 340 2464 aliorum
356 2416 475 2466 locorum
491 2417 692 2478 comparatione
707 2417 802 2466 metius
817 2414 953 2488 erplicari.
971 2416 1065 2465 Postea
1080 2418 1159 2466 etiam
1173 2429 1205 2466 ex
1221 2418 1322 2480 peccati
1337 2420 1363 2466 et
1378 2415 1525 2489 voluptatis
1539 2412 1749 2486 delinitionecx
1763 2424 1809 2461 rc·

101 2480 409 2590 ffinffiffiffiffi
420 2477 1059 2605 poseecppttghaasndetpsrnianpclplsrrp,mtffiqeppqpe
1073 2491 1106 2528 ex
1132 2479 1282 2543 prenitendi
1302 2478 1399 2529 allecto
1422 2492 1466 2543 pro
1484 2481 1564 2541 atque
1581 2475 1647 2536 utili,
1671 2473 1810 2527 evidenter

410 2577 416 2601 ,
469 2556 483 2590 c
548 2556 560 2591 s
613 2556 648 2591 rm
785 2556 801 2591 a
1038 2576 1045 2590 .

137 2724 258 2783 CAPUT
273 2726 717 2787 PRIMUM.-l.lltaniclvreorum
725 2745 805 2785 error
819 2727 931 2784 deduc·
988 2726 1046 2784 tale
1060 2745 1156 2801 agera,
1172 2728 1257 2799 quale
1269 2727 1312 2784 illi
1326 2725 1579 2801 opinantur,nullo
1590 2724 1675 2782 modo
1690 2739 1740 2781 sas
1750 2720 1808 2779 nisi

102 2815 677 2888 reanimatuspuorumueranonroa
690 2819 932 2891 perpetratione
984 2817 1045 2873 vita
1060 2816 1199 2874 viveretne
1214 2817 1239 2875 si
1255 2816 1405 2875 Christum
1416 2816 1524 2873 dixisse
1539 2816 1731 2883 constaret,ut
1741 2828 1810 2870 con·

101 2914 293 2974 expugnetur.
307 2906 408 2962 Anima
418 2909 508 2963 oneris
521 2924 585 2964 rum
597 2910 655 2964 utto
669 2908 798 2980 quaedum
812 2909 930 2973 ritpon-
986 2909 1055 2975 stat,
1071 2908 1125 2976 Epo
1137 2924 1198 2963 sum
1221 2909 1277 2963 cito
1296 2906 1385 2978 (loon.
1408 2922 1466 2977 xiv,
1481 2906 1531 2977 e);
1548 2903 1620 2960 nihil
1635 2919 1699 2960 esso
1714 2916 1810 2959 cauere

101 2993 190 3049 sisio
205 2993 260 3049 lieo
273 2995 339 3052 vim
351 2996 427 3066 sonu
441 3011 496 3052 sese
509 2999 606 3067 potest.
631 2994 798 3069 opitulante
813 2995 862 3051 liei
878 2996 930 3053 mi·
984 3010 1038 3050 cur
1052 3013 1110 3052 non
1126 3012 1228 3052 omnes
1252 2995 1367 3052 animas
1391 3011 1458 3052 cum
1479 2992 1582 3051 enimse
1606 2991 1665 3050 nisi
1687 2990 1810 3049 vivendo

103 3081 420 3155 mucordimdisruptis
434 3089 464 3141 et
478 3084 626 3142 derelictis
642 3084 868 3141 Manichaeorum
885 3085 928 3141 la·
984 3098 1047 3139 esse
1063 3099 1122 3140 oon
1138 3084 1262 3157 possint,
1279 3101 1330 3157 per
1344 3083 1502 3154 Christum,
1529 3083 1559 3138 id
1580 3086 1636 3149 est,
1652 3081 1807 3154 pervitam

102 3170 200 3242 queis.
216 3172 336 3228 tandem
353 3170 505 3229 Catholice
520 3173 632 3245 gremio
647 3173 816 3231 restitutum
831 3173 902 3231 libet
917 3176 928 3214 ¹
984 3178 1097 3228 creatas
1113 3176 1142 3228 et
1155 3173 1288 3229 conditas
1301 3173 1469 3229 fateremur.

103 3258 292 3317 considerare
307 3277 386 3318 nunc
400 3261 504 3318 saltem
519 3279 553 3319 ac
573 3261 724 3334 deplorare
736 3261 818 3319 illam
833 3280 928 3320 meam
1019 3260 1136 3318 CAPU'l'
1152 3261 1295 3319 11.-2.St
1310 3262 1360 3317 tux
1373 3276 1437 3334 quae
1451 3276 1533 3317 seusu
1553 3261 1710 3332 percipitur
1722 3259 1809 3317 Deum

103 3347 379 3413 miseriamldulta
393 3349 472 3407 enim
487 3355 582 3418 erant,
599 3369 663 3423 ques
683 3351 777 3408 lacere
791 3351 929 3419 debuine
984 3350 1064 3407 tolet
1078 3353 1230 3417 auctorem,
1247 3353 1277 3405 ut
1291 3353 1414 3422 suuntur
1428 3349 1590 3420 Manichaei,
1613 3350 1704 3406 molto
1717 3349 1807 3420 mopis

102 3440 165 3493 tem
177 3436 264 3493 lecile
275 3455 309 3494 sc
318 3439 423 3496 diebus
436 3440 548 3512 paucis,
560 3440 709 3513 religionis
719 3441 870 3498 verissime
884 3458 929 3498 se·
980 3440 1076 3494 anima
1086 3453 1150 3511 quae
1162 3439 1220 3495 roto
1231 3439 1370 3495 intellectu
1380 3438 1623 3512 percipitur.0uod
1637 3438 1663 3494 si
1674 3442 1805 3510 tempore

105 3526 187 3583 mina
202 3526 275 3582 milri
298 3544 316 3583 e
336 3529 463 3600 pueritia
481 3529 639 3585 salubriter
660 3529 759 3599 insita,
775 3546 871 3587 errore
885 3528 928 3587 vel
984 3525 1033 3583 illo
1050 3526 1241 3599 questionem
1258 3528 1294 3583 de
1308 3527 1372 3599 ipsa
1392 3526 1451 3583 viis
1471 3530 1500 3583 ot
1526 3528 1561 3583 do
1587 3525 1810 3601 participatione
1917 3572 1922 3581 .

104 3614 208 3672 fraude
236 3615 378 3675 falsorum
395 3616 579 3675 fallaciumve
593 3618 745 3676 hominum
770 3619 876 3677 eliossn
895 3637 930 3677 ex
986 3616 1048 3671 vilae
1062 3632 1127 3672 met
1141 3614 1280 3687 cogitatio
1295 3616 1369 3672 ferre
1392 3631 1425 3671 to
1449 3615 1595 3672 sustinere
1609 3631 1666 3671 non
1682 3619 1806 3687 p0⁸tei3

104 3704 205 3760 animo
221 3704 409 3777 pellerentur.
427 3707 501 3763 Nam
518 3707 612 3779 primo
627 3707 791 3765 animarum
807 3707 857 3764 illa
871 3709 929 3767 duo
984 3721 1048 3777 quas
1063 3706 1190 3777 protecto
1205 3720 1313 3776 magna
1328 3709 1382 3772 est,
1399 3707 1428 3759 et
1441 3703 1568 3760 multum
1584 3720 1692 3760 serane
1707 3704 1808 3778 dispu-

103 3794 405 3865 geners,quibusita
429 3795 562 3868 singulas
592 3800 713 3852 naturas
737 3797 929 3870 propriasque
985 3792 1391 3851 tationisinterdnctissimos
1410 3793 1566 3865 indigens;
1583 3792 1656 3848 illud
1678 3791 1804 3867 dispice·
1918 3816 1941 3873 j

102 3884 275 3939 tribuerunt
289 3883 310 3952 ¹,
328 3887 361 3939 ut
376 3882 499 3941 alterum
515 3885 552 3941 de
565 3884 630 3957 ipsa
645 3884 693 3941 Dei
709 3902 773 3942 esse
788 3887 928 3944 substsn-
983 3898 1014 3939 re
1029 3883 1153 3938 tortasse
1166 3880 1334 3953 valuissem,
1351 3881 1427 3951 qnod
1442 3881 1644 3938 omnihomini
1660 3897 1725 3939 sese
1740 3883 1806 3942 sina

100 3971 280 4042 tiustterius
295 3972 928 4046 veroDeumnecennditoremquidemvslint
983 3971 1080 4030 studio
1096 3971 1225 4044 partium
1249 3971 1323 4027 bene
1349 3969 1547 4027 consideranti
1569 3970 1808 4031 manifestissime

100 4061 207 4135 accipi,
222 4061 249 4117 si
262 4076 378 4118 mecum
394 4061 490 4119 sobrie
505 4062 719 4137 diligenterque
744 4065 926 4122 consideras·
982 4063 1114 4134 apparet,
1135 4076 1222 4116 omne
1245 4059 1321 4130 quod
1347 4059 1422 4115 scire
1446 4063 1475 4115 et
1501 4076 1586 4116 nosse
1600 4059 1739 4129 dicimur,
1754 4062 1806 4120 sut

99 4154 278 4222 sem‚maots
294 4151 324 4206 in
338 4150 432 4207 Deum
445 4150 572 4224 supplici
587 4157 615 4208 et
629 4153 678 4224 pis
691 4169 699 4221 ;
714 4152 838 4210 tortasse
853 4152 926 4209 :nihi
982 4165 1071 4207 sensu
1087 4148 1227 4221 corporis,
1242 4152 1293 4205 aut
1307 4147 1501 4222 intelligentia
1526 4165 1579 4205 nos
1603 4148 1711 4206 habere
1723 4165 1804 4208 oom-

100 4240 248 4313 sstagenti
272 4239 467 4314 apperuisset,
497 4239 610 4296 nullom
641 4257 705 4297 esse
737 4241 927 4314 qualemlibet
982 4238 1170 4312 prehensum.
1185 4243 1294 4294 Sensus
1318 4241 1416 4294 autem
1443 4237 1573 4310 corporis
1601 4236 1688 4296 etiam
1716 4238 1803 4314 vulgo

98 4328 271 4402 vitamque
287 4345 346 4386 non
358 4345 392 4386 eo
407 4329 472 4402 ipso
487 4345 545 4402 qno
560 4330 617 4384 vita
628 4333 681 4398 est,
693 4334 722 4385 et
737 4330 767 4385 in
783 4335 925 4404 quantum
982 4328 1111 4401 quinque
1126 4326 1549 4395 numerari,visnm,auditum,
1565 4327 1802 4402 odoretumgus-
1902 4394 1909 4401 ,

100 4417 385 4484 omninovitaest,ad
396 4417 927 4491 summumvitaeiontemprincipium·
980 4423 1056 4490 tum,
1073 4422 1158 4489 atque
1171 4420 1283 4472 tactum
1300 4431 1306 4472 :
1324 4415 1433 4488 quihus
1447 4415 1563 4472 omibus
1579 4415 1803 4489 intelligentiam

99 4523 156 4577 que
173 4507 320 4579 pertineat
335 4506 470 4579 (btzquod
485 4507 558 4562 nihil
573 4506 652 4563 aliud
669 4524 757 4580 quam
774 4525 925 4565 summurn
981 4506 1067 4579 longe
1082 4506 1198 4578 alteque
1213 4508 1351 4576 prestare
1370 4508 1399 4561 et
1413 4504 1563 4574 excellere,
1588 4505 1639 4577 qui
1655 4505 1729 4563 mihi
1744 4522 1806 4565 noo

99 4599 129 4653 et
141 4594 240 4651 solum
256 4610 414 4667 verumque
424 4600 513 4653 mum
530 4613 690 4668 possumus
704 4596 926 4664 confiterioue-
980 4595 1024 4652 vel
1039 4596 1173 4668 ingratus
1188 4593 1358 4665 impiusque
1372 4593 1804 4658 concederet‘lQuoconstituto

100 4682 303 4756 proptarilles
322 4683 449 4755 animus,
473 4700 537 4756 qum
561 4701 579 4740 s
604 4683 771 4740 ldsnicheis
786 4690 927 4742 vocantur
981 4688 1068 4754 atque
1095 4684 1221 4749 firmato,
1251 4680 1323 4738 illud
1353 4698 1502 4754 consequi,
1532 4687 1562 4738 ut
1594 4686 1701 4740 cuncta
1739 4701 1805 4758 quse

100 4772 197 4840 mdes,
212 4777 265 4828 cot
277 4788 376 4829 carere
393 4773 460 4839 vita,
475 4778 505 4829 et
518 4773 632 4829 animas
656 4790 714 4828 non
737 4788 811 4842 esse,
834 4790 927 4846 nsque
980 4777 1060 4831 tactu
1077 4777 1106 4828 et
1120 4771 1195 4839 visu
1210 4768 1254 4827 vel
1268 4770 1399 4842 quolibet
1426 4771 1484 4828 alio
1512 4771 1599 4827 modo
1614 4773 1802 4845 corporaliter

100 4861 268 4934 quidquem
284 4859 358 4918 velle
373 4877 424 4918 esu
441 4861 666 4934 nolle,appetere
680 4861 724 4917 vel
740 4862 928 4936 ingererent
981 4862 1148 4932 sentiretur,
1164 4865 1246 4916 tanto
1262 4865 1359 4917 essent
1373 4860 1512 4917 interiora
1527 4860 1573 4916 his
1601 4877 1665 4934 qua
1690 4860 1798 4919 intelli·

100 4950 126 5007 si
140 4951 283 5019 viverent,
309 4955 341 5007 ut
354 4959 381 5008 et
395 4950 500 5008 animo
523 4966 588 5007 esse
603 4955 733 5024 possent,
763 4957 792 5009 et
814 4952 925 5026 aliquid
981 4951 1075 5025 gendo
1090 4965 1326 5023 assequeremur,
1342 4954 1452 5023 quanto
1476 4951 1556 5023 ipsos
1571 4964 1676 5007 sensus
1690 4950 1799 5009 intelli-

701 5094 857 5135 duntoto't'to
870 5095 916 5136 PP.
944 5091 1196 5135 nsuuutcrtuosutd

128 5183 200 5257 dibri
215 5183 249 5233 ds
262 5183 371 5234 Duabus
384 5182 531 5256 Animabat
545 5182 677 5234 editiones
692 5184 795 5236 collatas
815 5188 877 5236 sunt
890 5184 925 5235 sd
938 5183 1136 5257 manuscriptos
1159 5181 1271 5240 codices,
1286 5182 1510 5248 Arnulphensem
1534 5182 1732 5247 llichaetlnum,
1746 5185 1801 5238 vic-

96 5248 202 5297 torrnos
216 5245 294 5304 dnos,
309 5246 377 5297 duos
391 5247 541 5304 vaticanos,
556 5244 626 5296 etad
639 5247 721 5297 trium
737 5247 901 5312 Belgicorum
917 5248 1006 5299 varias
1023 5247 1148 5297 lectiones
1163 5244 1234 5309 apud
1250 5244 1315 5296 Lov.

139 5344 384 5427 Comporour'mro
395 5352 543 5426 pretereo
557 5362 605 5405 eos
619 5362 715 5405 omues
729 5342 868 5405 editiones
882 5344 968 5406 initio
984 5346 1071 5407 Retr.
1087 5351 1116 5404 et
1129 5342 1280 5414 Contere,
1297 5350 1320 5403 t.
1337 5345 1563 5417 immoratos,
1607 5344 1649 5405 Μ.

129 5462 139 5496 ¹
154 5457 335 5509 loronieoses
346 5472 380 5508 sx
390 5456 521 5509 mendoso
534 5456 727 5508 cembroncnsi
738 5456 828 5508 codiee
843 5460 1001 5522 posuerunt,
1014 5457 1114 5523 pnmio
1129 5455 1266 5507 commuto
1279 5456 1352 5508 litet.

130 5521 266 5581 ¹Quidum
280 5521 356 5579 lter„
368 5519 565 5570 rotome.
1409 5523 1411 5526 ’

138 5598 629 5728 sitimuuuvffit
